2209 3147
386 242 445 273 272
667 234 938 262 PRAEFATIO
978 233 1063 261 UEL
1098 233 1441 262 ARGUMENTUM
1473 234 1634 265 LUCAE.

385 329 615 360 necessitatem
632 328 820 358 incumbere
838 352 844 358 .
863 327 995 358 Graecis
1013 327 1164 358 fidelibus
1184 337 1258 358 cum
1275 337 1404 357 summa
1420 326 1590 367 diligentia
1606 327 1763 358 homnem
1779 328 1892 369 dispo-

384 381 537 411 sitionem
559 379 618 420 xpi
643 380 675 410 in
699 390 795 410 carne
815 379 944 410 uenturi
969 379 1154 410 narratione
1177 389 1237 409 sua
1260 389 1427 419 exponere
1447 402 1453 408 .
1477 378 1655 419 Propterea
1678 390 1718 410 ne
1743 380 1893 420 iudaycis

385 432 502 463 sabulis
518 432 645 463 adtenti
663 457 668 462 .
686 431 718 462 in
734 431 805 462 solo
822 430 903 472 legis
920 431 1081 462 desiderio
1098 435 1288 461 tenerentur
1305 454 1311 460 .
1329 441 1411 461 neue
1427 430 1578 461 hereticis
1594 430 1713 462 fabulis
1730 436 1762 462 et
1781 432 1891 463 stultis

384 484 671 515 sollicitationibus
695 484 821 515 seducti
847 507 853 513 .
877 484 1069 514 exciderent
1092 493 1111 513 a
1136 483 1275 513 ueritate
1299 506 1305 513 .
1329 483 1446 522 Itaque
1470 493 1528 523 per
1551 493 1651 523 quam
1676 485 1891 515 necessariam

384 537 497 567 statim
522 536 553 566 in
577 536 736 576 principio
760 535 924 575 sumpsit.
944 537 984 566 ab
1003 535 1158 565 Iohannis
1182 534 1354 565 natiuitate
1375 544 1459 574 quae
1483 540 1532 566 est
1556 535 1684 566 initium
1707 535 1892 575 euangelii.

384 587 582 627 praemissus
599 587 724 617 domini
740 587 789 618 nsi
805 587 862 617 ihu
882 587 937 626 xpi
953 591 986 617 et
1002 587 1062 617 fuit
1078 587 1185 616 socius
1201 586 1243 616 ad
1260 585 1494 625 perfectionem
1518 586 1633 626 populi
1650 610 1656 616 .
1676 587 1760 617 Item
1782 588 1893 618 induc-

385 640 483 670 tionis
507 639 663 680 baptismi
688 639 797 679 adque
821 639 982 680 passionis
1005 639 1136 669 socius.
1155 637 1257 669 Cuius
1282 637 1428 678 profecto
1453 638 1677 678 dispositionis
1700 639 1893 680 exemplum

385 691 535 722 meminit
560 690 737 722 Malacihel
762 691 924 731 propheta
944 715 951 721 .
974 701 1056 720 unus
1079 691 1121 721 de
1144 690 1319 721 duodecIm
1337 714 1343 720 .
1362 689 1515 720 Deinde.
1539 690 1608 730 ipse
1633 690 1740 721 Lucas
1763 691 1893 731 scripsit

384 743 500 774 hactus
523 743 748 783 apostolorum
772 768 778 774 .
805 743 884 774 Post
912 743 998 773 hunc
1028 742 1191 773 Iohannes
1221 741 1436 782 Euangelista
1461 741 1590 781 scripsit
1613 741 1832 783 Apocalipsin
1860 743 1892 773 in

383 795 487 826 insula
505 795 663 826 Pathmos
680 818 686 824 .
706 795 825 825 deinde
841 794 1048 834 euangelium
1067 794 1098 824 in
1118 793 1225 833 Asia]

419 921 440 938 1.
459 915 537 945 grecis
566 923 665 938 omnem
688 915 817 938 ueritatem
840 920 965 945 gestorum
989 914 1085 937 domini
1226 913 1248 937 6.
1267 913 1304 936 nri
1316 913 1358 936 ihu
1370 913 1420 944 xpi.
1454 914 1644 936 inductionis:
1664 913 1859 938 introductionis.

383 962 469 978 eornm
481 953 721 985 dispositionemque
732 961 774 977 sue
787 954 933 977 narrationis
945 961 1075 984 exponere.
1227 958 1249 983 7.
1267 952 1383 976 babtismi
1396 956 1470 983 atque
1483 952 1664 983 disposicionis.

419 1001 440 1017 2.
458 996 621 1021 propterea:
640 993 704 1016 ideo.
740 992 850 1016 iudaicis.
1225 993 1249 1015 8.
1267 991 1394 1015 malaeias.
1429 991 1535 1015 scribsit.

417 1039 440 1062 3.
458 1033 553 1055 attenti.
571 1040 642 1055 neue
654 1041 659 1056 ς
673 1040 703 1055 ne
712 1031 759 1055 uel.
778 1033 896 1055 fabulis:
911 1031 1086 1063 questionibus.
1225 1039 1247 1062 9.
1266 1035 1342 1054 actus.
1378 1031 1628 1058 apostolorum÷in
1639 1032 1697 1055 urbe
1705 1040 1781 1055 roma.
1811 1039 1893 1055 euan-

417 1079 440 1102 4.
459 1074 570 1099 itaque:
588 1072 631 1095 ita.
666 1071 834 1095 necessarium.
1192 1072 1309 1098 gelista:
1328 1069 1493 1100 euangelium.
1525 1070 1628 1093 scribsit.

418 1118 439 1141 5.
459 1112 567 1134 statim:
593 1111 686 1134 statuit.
717 1110 811 1133 sumsit.
845 1110 932 1133 ioanis.
962 1118 1015 1141 que.
1228 1117 1263 1133 10.
1285 1111 1405 1133 deinde:
1424 1113 1489 1140 post.

450 1191 548 1215 Subscr.
562 1191 663 1223 explicit
675 1191 795 1222 praefatio
807 1192 827 1215 C
837 1200 843 1221 ;
861 1192 932 1215 nihil
942 1191 1013 1215 habet
1025 1192 1054 1215 T.

450 1231 549 1254 Deinde
560 1231 675 1262 sequitur
687 1230 715 1253 in
728 1230 750 1253 Θ
785 1230 848 1254 Item
860 1230 910 1254 alia
922 1230 1043 1262 praefatio
1056 1231 1096 1262 (rf.
1109 1233 1133 1254 εἰ
1149 1231 1233 1254 leom.
1246 1230 1266 1253 I.
1275 1234 1301 1261 p.
1316 1237 1372 1261 340,
1385 1238 1396 1253 e
1411 1230 1467 1254 Coei.
1483 1230 1552 1254 Orat.
1566 1230 1594 1253 Ε.
1610 1229 1660 1261 16).

451 1295 543 1319 LUCAS
557 1295 709 1326 euangelista
723 1303 790 1326 syrus
802 1303 889 1326 genere
905 1299 957 1319 arte
975 1296 1084 1319 medicus
1096 1295 1231 1326 discipulus
1249 1295 1420 1327 apostolorum
1438 1298 1524 1326 postea
1536 1295 1638 1326 paulum
1656 1303 1733 1326 usque
1751 1295 1782 1319 ad
1800 1296 1894 1320 confes-

383 1334 479 1358 sionem
497 1339 613 1365 sequutus
630 1338 665 1357 est
683 1334 821 1365 Scripturas
839 1335 993 1365 euangelium
1011 1343 1082 1358 suum
1100 1343 1198 1359 eausam
1216 1343 1279 1366 quur
1297 1335 1365 1365 <cum
1387 1335 1412 1358 T
1409 1334 1483 1364 lzom.)
1503 1334 1617 1358 scriberet
1636 1334 1753 1358 indicauit
1773 1335 1894 1359 Uidelicet

383 1374 500 1405 quoniam
513 1374 585 1396 multi
598 1374 639 1396 alii
652 1376 708 1403 (om.
726 1374 823 1402 Tlmm.)
836 1377 927 1397 temere
945 1377 1157 1405 praesumpserant
1170 1382 1265 1397 narrare
1283 1374 1320 1397 his
1333 1381 1396 1404 quae
1408 1373 1456 1397 sibi
1474 1373 1553 1404 magis
1565 1378 1631 1396 erant
1644 1374 1675 1396 ad
1694 1373 1815 1404 liquidum
1828 1382 1894 1398 com-

385 1417 467 1444 pertae
479 1412 572 1436 Uolens
589 1420 648 1443 ergo
667 1412 806 1436 abstrahere
824 1420 869 1435 nos
883 1416 923 1442 t>
935 1421 980 1436 nos
997 1413 1072 1436 abstr.
1089 1413 1186 1443 Thom.)
1201 1421 1215 1436 a
1233 1416 1367 1436 ceterorum
1385 1413 1566 1436 narrationibus
1579 1412 1652 1435 fidem
1670 1413 1729 1436 facit
1742 1420 1786 1444 per
1798 1421 1823 1436 se
1835 1421 1893 1437 cou-

383 1452 490 1482 scriptae
508 1452 605 1475 ueritati
619 1452 673 1482 (-tis
695 1452 792 1481 Tlmm.)
811 1451 898 1475 Certus
918 1452 986 1483 quod
1006 1459 1035 1475 ea
1055 1452 1095 1475 uel
1112 1451 1188 1482 paulo
1208 1455 1353 1482 exponente,
1374 1451 1414 1475 uel
1432 1451 1488 1474 aliis
1505 1451 1626 1482 apostolis
1646 1452 1687 1483 qui
1707 1453 1739 1475 ab
1760 1452 1830 1476 initio
1847 1452 1895 1484 ipsi

384 1491 498 1515 uiderant
510 1494 534 1514 et
546 1490 607 1514 haec
618 1491 666 1514 sibi
680 1491 823 1514 tradituram
838 1491 898 1521 (sic;
917 1490 1096 1520 ?tradiderant)
1111 1494 1276 1522 consequutus
1289 1491 1319 1514 sit
1332 1494 1355 1514 et
1369 1490 1429 1514 haec
1441 1490 1513 1514 uobis
1525 1498 1568 1521 per
1582 1490 1639 1521 (om.
1657 1490 1754 1521 leom.)
1766 1492 1893 1522 proprium

385 1529 549 1560 Euangeiium
567 1529 647 1553 tradat
665 1529 841 1560 Interpretatur
857 1533 941 1553 autem
959 1530 1038 1553 Lucas
1056 1529 1108 1560 ipse
1127 1530 1211 1553 leuans
1231 1530 1339 1560 (eleuans
1361 1529 1459 1557 Thom.)
1478 1530 1529 1552 siue
1546 1530 1599 1560 ipse
1617 1537 1766 1561 consurgens
1779 1530 1820 1561 (cf.
1840 1531 1894 1554 Sed.

385 1569 457 1593 Unde
469 1572 493 1593 et
506 1569 585 1592 Lucas
597 1568 695 1592 eleuans
707 1568 746 1591 uel
764 1576 913 1600 consurgens
925 1569 1108 1600 interpretatur)
1122 1569 1187 1599 Quia
1205 1569 1296 1592 Christi
1309 1572 1379 1599 gesta
1391 1577 1406 1591 a
1417 1568 1566 1599 perfectione
1584 1569 1647 1592 idest
1660 1577 1674 1592 a
1692 1570 1810 1600 baptismi
1828 1577 1893 1600 rege-

384 1608 511 1632 neratione
532 1608 556 1631 in
577 1608 693 1638 mysterio
713 1608 933 1639 eonpraehendens,
952 1608 1137 1638 generationem
1160 1616 1234 1639 quam
1254 1608 1369 1631 Matheus
1385 1607 1518 1631 secundum
1542 1615 1639 1631 earnem
1658 1608 1829 1632 descendendo
1852 1617 1895 1640 per

385 1647 545 1671 Salomonem
566 1647 680 1678 perduxit
700 1647 732 1670 ad
753 1646 879 1670 Christum
902 1647 958 1678 Ipse
978 1656 992 1670 a
1011 1647 1111 1670 Christo
1128 1647 1260 1670 secundum
1279 1646 1438 1677 adoptionem
1456 1654 1499 1678 per
1517 1646 1617 1670 Nathan
1635 1655 1751 1671 reuocans
1768 1648 1793 1670 in
1811 1647 1894 1671 Adam

384 1687 477 1710 reducit
491 1687 523 1710 ad
536 1687 617 1710 Deum
631 1686 679 1716 Qui
698 1687 783 1709 tertius
795 1687 818 1709 in
836 1686 1061 1717 euuangelistarum
1074 1686 1159 1709 ordine
1171 1686 1244 1709 uituli
1263 1685 1365 1716 figuram
1383 1686 1447 1718 gerit
1460 1685 1584 1716 Quoniam
1598 1695 1612 1709 a
1625 1686 1756 1710 zaccharia
1769 1686 1894 1710 sacerdote

384 1730 458 1757 atque
471 1734 485 1749 a
498 1726 618 1750 sacrificio
630 1726 749 1749 inchoans
761 1726 796 1749 sic
807 1725 895 1749 effatur
910 1725 960 1757 (aff.
976 1726 1001 1749 Τ
998 1725 1074 1756 hom.)
1089 1725 1135 1749 fuit
1147 1725 1262 1749 sacerdos
1274 1725 1375 1756 quidam
1387 1725 1486 1749 nomine
1499 1725 1652 1750 Zaccharias.

451 1791 548 1814 Subscr.
561 1790 614 1820 expl
627 1790 668 1821 pff
676 1790 706 1819 Θ,
720 1790 820 1821 explicit
833 1790 950 1822 prologus
966 1791 991 1814 Τ
988 1790 1052 1814 Imm.

1911 798 1940 814 10
