2209 3147
1125 255 1187 288 602

676 526 994 566 CAPITULA

1045 524 1193 563 ALIA
1246 524 1312 563 IN
1369 524 1643 564 MARCUM

836 640 878 659 ex
903 627 1070 660 codicibus
1093 627 1175 657 Par.
1199 626 1276 656 Lat.
1301 625 1334 656 64
1359 631 1391 657 et
1417 634 1488 665 277.

665 769 725 792 par.
740 769 797 792 Lat.
810 768 834 791 6⁴
839 787 844 792 .

560 830 637 862 Incip.
657 831 788 862 capitulae.
808 831 832 854 in
850 830 958 853 marcho.

380 892 403 920 I.
426 891 471 919 De
492 892 578 920 iohne
596 892 722 920 babtista
737 913 742 918 .
759 897 785 919 et
806 891 854 919 ihu
872 890 1016 928 baptizato
1034 912 1038 917 .
1054 894 1082 917 et
1097 889 1132 917 de

421 939 583 976 teptacione
598 939 659 967 eius
674 939 703 966 in
718 938 843 967 heremo.

380 986 419 1014 ΙΙ.
442 986 501 1014 Ubi
516 986 602 1015 iohne
618 986 723 1014 tradito
741 986 784 1014 ihs
800 985 926 1023 predicat
943 1007 948 1012 .
964 989 992 1012 et
1008 984 1132 1020 discipu-

419 1033 462 1062 los
484 1038 593 1062 uocat.
614 1039 641 1061 et
664 1034 692 1061 in
716 1033 913 1070 capharnaum
936 1031 1084 1059 hominem
1103 1031 1131 1058 in

419 1081 560 1118 sinagoga
578 1081 614 1108 ab
630 1080 730 1117 spiritu
742 1080 884 1108 inmundo
900 1079 1008 1107 liberat.

379 1452 433 1480 ΙΙῘ.
457 1452 578 1481 Socrum
599 1451 671 1489 petri
687 1460 703 1479 a
719 1451 847 1479 febribus
863 1455 944 1479 sanat
961 1474 966 1479 .
982 1456 1008 1479 et
1026 1451 1131 1479 multos

420 1505 500 1528 curat
523 1522 529 1527 .
552 1505 579 1527 et
604 1499 632 1526 in
655 1498 769 1526 deserto
791 1504 852 1525 orat
875 1520 881 1526 .
907 1504 933 1525 et
956 1498 1131 1535 ubicumque

420 1547 624 1584 perambulans
639 1545 775 1582 predicat.

380 1874 450 1902 IIII.
474 1874 575 1902 Ihesus
590 1874 735 1912 leprosum
751 1873 879 1901 mundat.

382 2064 418 2092 V.
442 2064 491 2092 lhs
506 2064 534 2091 in
550 2063 745 2101 capharnaum
767 2062 945 2099 paraliticum
961 2071 1012 2098 per
1027 2066 1131 2089 tectum

423 2111 573 2139 dimissum
591 2116 672 2138 sanat
689 2132 693 2136 .
710 2115 737 2137 et
753 2109 808 2137 leui
824 2109 859 2137 de
875 2108 1010 2137 theloneo
1025 2113 1119 2135 uocat.

383 2158 434 2186 VI.
458 2158 491 2185 In
510 2159 599 2186 domo
621 2157 675 2186 leui
692 2165 757 2184 cum
776 2156 936 2193 publicanis
957 2155 1133 2183 accumbens

423 2205 491 2233 dicit
514 2227 519 2232 .
540 2214 597 2233 non
623 2213 741 2232 necesse
765 2203 851 2231 abent
877 2203 937 2230 sani
962 2203 1108 2230 medicum
1128 2223 1133 2229 .

423 2257 449 2279 et
471 2261 529 2279 non
553 2257 672 2288 possunt
693 2251 817 2278 ieiunare
837 2249 884 2277 filii
904 2250 1001 2286 sponsi
1026 2258 1133 2286 sponso

423 2306 563 2336 presente.

1464 767 1526 790 Par.
1538 767 1595 791 Lat.
1611 772 1664 797 277.

1227 827 1352 858 Incipiunt
1369 827 1478 858 capitula
1496 827 1618 857 euangelii
1636 826 1769 850 secundum
1787 834 1904 849 marcum.

1185 888 1207 916 I.
1230 887 1289 916 Ubi
1311 888 1472 925 baptizatus
1493 893 1535 915 est
1555 887 1590 915 de
1609 888 1743 916 columba
1763 892 1790 915 et
1810 896 1881 915 uoce
1902 886 1938 914 de

1226 935 1321 963 caelis.

1185 982 1224 1010 Π.
1246 982 1305 1010 Ubi
1335 981 1386 1010 fuit
1415 983 1444 1010 in
1472 982 1591 1010 heremo
1616 991 1683 1010 cum
1712 987 1898 1019 temptaretur
1921 990 1938 1009 a

1227 1029 1356 1057 sathana.

1186 1077 1239 1104 III.
1276 1076 1334 1105 Ubi
1370 1077 1492 1105 ueniens
1528 1077 1557 1104 in
1593 1076 1736 1114 galyleam
1773 1076 1938 1114 predicabat

1227 1124 1448 1161 aeuuangelium
1472 1129 1497 1152 et
1520 1124 1715 1161 penitenciam
1732 1145 1737 1151 .
1753 1128 1780 1151 et
1802 1123 1851 1151 ubi
1871 1132 1938 1151 eum

1228 1172 1402 1200 dimittentes
1439 1171 1509 1199 retia
1545 1171 1636 1199 secuti
1675 1176 1741 1199 sunt
1777 1175 1875 1208 petrus
1911 1175 1938 1198 et

1227 1219 1348 1247 andreas
1371 1224 1397 1247 et
1420 1219 1546 1247 iacobus.

1186 1266 1255 1294 IIII.
1280 1266 1337 1294 Ubi
1358 1266 1464 1294 dictum
1481 1271 1524 1294 est
1539 1265 1617 1303 quod
1633 1265 1756 1294 docebat
1771 1265 1801 1293 in
1816 1265 1938 1302 caphar-

1226 1323 1315 1341 naum
1335 1319 1474 1350 tanquam
1498 1318 1670 1350 potestatem
1693 1312 1803 1340 habens
1819 1333 1825 1339 .
1842 1318 1868 1340 et
1887 1321 1937 1340 ex-

1226 1361 1308 1388 clusit
1328 1363 1393 1397 spm
1412 1360 1584 1388 inmundum
1600 1382 1606 1387 .
1623 1365 1651 1388 et
1671 1359 1748 1387 fama
1769 1359 1829 1387 eius
1850 1358 1937 1386 dilata

1226 1414 1267 1436 est
1283 1417 1333 1445 per
1348 1408 1499 1445 regionem
1514 1407 1651 1444 galyleae.

1185 1454 1220 1482 V.
1244 1454 1302 1483 Ubi
1323 1455 1435 1483 sanauit
1458 1463 1572 1482 socrum
1595 1454 1665 1491 petri
1689 1476 1694 1481 .

1226 1511 1289 1530 sum
1309 1502 1376 1530 solis
1399 1501 1552 1530 attulerunt
1575 1501 1612 1529 ad
1632 1510 1700 1529 eum
1722 1500 1892 1537 languentes
1910 1504 1938 1528 et

1226 1549 1394 1577 demonium
1411 1548 1550 1577 habentes
1566 1554 1593 1576 et
1608 1548 1720 1576 sanauit
1735 1556 1793 1575 eos.

1185 1596 1237 1624 VI.
1260 1596 1318 1624 Ubi
1334 1597 1363 1623 in
1380 1596 1494 1624 deserto
1511 1595 1605 1624 orauit
1624 1600 1690 1623 ante
1708 1594 1802 1622 lucem
1818 1593 1894 1622 solus
1910 1598 1938 1621 et

1226 1652 1292 1671 cum
1321 1643 1425 1671 secutis
1451 1643 1599 1679 discipulis
1622 1647 1649 1670 et
1675 1641 1836 1670 dicentibus
1859 1640 1938 1677 quod

1227 1699 1293 1718 eum
1316 1695 1468 1727 quererent
1491 1690 1623 1718 homines
1643 1711 1648 1716 .
1670 1688 1817 1726 respondit
1837 1696 1938 1716 eamus

1226 1737 1262 1765 ad
1278 1737 1409 1774 proxima
1425 1737 1541 1765 castella
1556 1742 1583 1765 et
1599 1737 1728 1764 ciuitates
1745 1735 1893 1772 predicare
1908 1735 1937 1762 in

1227 1785 1282 1812 hoc
1305 1785 1382 1812 enim
1406 1785 1461 1812 exii
1484 1791 1511 1812 et
1534 1783 1680 1821 predicaui
1703 1784 1732 1810 in
1750 1783 1830 1810 omni
1853 1791 1938 1818 syna-

1226 1841 1303 1869 goga
1319 1832 1454 1860 demonia
1468 1831 1624 1868 expellens.

1186 1879 1253 1907 VII.
1274 1879 1332 1907 Ubi
1347 1879 1498 1907 mundauit
1513 1878 1659 1916 leprosum
1674 1883 1701 1906 et
1717 1877 1845 1914 precepit
1861 1877 1885 1904 ei
1902 1885 1938 1904 ne

1227 1927 1333 1954 diceret
1349 1932 1391 1954 set
1406 1926 1521 1954 offerret
1545 1934 1597 1963 pro
1613 1934 1643 1953 se
1659 1924 1829 1953 sacrificium
1845 1928 1872 1951 et
1893 1923 1938 1951 ille

1228 1974 1375 2001 nunciauit
1402 1978 1429 2001 et
1455 1982 1514 2001 non
1544 1973 1601 2000 iam
1631 1977 1741 2008 poterat
1766 1971 1811 1999 ihc
1842 1970 1938 2008 palam

1717 1458 1745 1481 et
1767 1458 1831 1490 post
1853 1462 1937 1481 occa-

1227 2023 1341 2051 introire
1357 2024 1385 2050 in
1401 2023 1555 2051 ciuitatem.

1187 2070 1270 2097 VIII.
1292 2070 1351 2098 Ubi
1372 2070 1482 2098 curauit
1506 2069 1688 2107 paraliticum
1703 2077 1791 2106 quem
1813 2077 1864 2105 per
1879 2073 1938 2095 tec-

1227 2123 1288 2144 tum
1304 2117 1507 2145 summiserant
1522 2122 1638 2153 propter
1653 2116 1759 2144 turbas.

1188 2164 1239 2192 IX.
1261 2163 1320 2192 Ubi
1343 2164 1457 2192 uocauit
1476 2163 1512 2191 de
1535 2163 1672 2191 theloneo
1693 2162 1826 2190 iacobum
1842 2160 1938 2198 alphei

1227 2217 1254 2239 et
1279 2211 1309 2238 in
1334 2211 1424 2239 domo
1447 2211 1508 2239 eius
1534 2210 1721 2238 manducauit
1750 2218 1817 2237 cum
1846 2208 1938 2246 publi-

1227 2259 1308 2286 canis
1324 2263 1350 2286 et
1368 2259 1568 2295 peecatoribus
1586 2263 1613 2286 et
1636 2257 1723 2286 secuti
1745 2262 1811 2285 sunt
1829 2265 1895 2284 eum
1910 2261 1938 2284 et

1226 2305 1275 2333 ubi
1306 2306 1454 2342 respondit
1490 2315 1549 2333 non
1579 2310 1621 2333 est
1652 2304 1832 2332 necessarius
1861 2303 1939 2332 sanis

1227 2353 1357 2380 medicus
1387 2358 1429 2381 set
1465 2353 1540 2381 male
1576 2352 1749 2380 habentibus
1783 2360 1843 2379 non
1872 2351 1938 2379 ueni

1227 2408 1333 2427 uocare
1350 2400 1441 2428 iustos
1457 2406 1498 2428 set
1515 2405 1681 2437 peccatores
1697 2399 1726 2426 in
1741 2398 1913 2436 penitencia.

1187 2446 1221 2474 X.
1246 2446 1304 2474 Ubi
1333 2447 1369 2475 de
1395 2447 1542 2484 discipulis
1571 2447 1629 2475 suis
1657 2455 1716 2475 non
1746 2446 1938 2474 ieiunantibus

1229 2494 1373 2531 respondit
1396 2494 1517 2530 loquens
1540 2494 1575 2522 de
1599 2502 1707 2530 sponso
1729 2498 1757 2521 et
1778 2493 1813 2521 de
1839 2501 1938 2529 panno

1229 2541 1292 2568 rudi
1307 2547 1335 2569 et
1350 2541 1385 2569 de
1402 2542 1470 2569 uino
1486 2550 1565 2569 nouo
1581 2542 1608 2569 in
1625 2547 1701 2569 utres
1716 2546 1835 2568 ueteres.

1222 2653 1251 2675 X⁴
1271 2654 1335 2675 rudi
1349 2661 1353 2675 z
1371 2652 1432 2675 rudo
1445 2653 1491 2676 cod.
1506 2657 1565 2683 nup.
