2209 3147
360 273 425 301 DE
446 270 616 300 PATRJA
644 269 710 297 ET
732 267 934 297 ORIGINE
958 264 1170 307 CODJCUM
1193 263 1445 294 SECUNDAE
1467 262 1660 292 CLASSIS.
1709 270 1767 301 707

266 367 353 396 uitae
376 364 409 395 S.
429 363 588 400 Seuerini,
609 367 641 392 et
667 362 769 391 abbas
794 359 986 389 Monasterii
1010 357 1183 388 Lucullani
1207 367 1310 396 prope
1333 355 1510 396 Neapolim
1532 356 1593 385 siti.
1642 355 1717 394 Quo
1738 356 1770 385 in

270 418 342 448 loco
360 416 446 446 hunc
464 415 621 451 codicem,
638 412 689 443 uel
710 412 818 451 potius
835 410 1007 450 exemplar
1023 420 1065 439 ex
1089 419 1155 448 quo
1178 409 1296 448 partim
1316 409 1497 446 descriptus
1514 412 1573 444 est,
1590 412 1770 436 correctum

266 479 336 499 esse
373 468 545 498 credimus.
606 463 767 494 ‘Partim'
796 463 933 492 dicimus
972 471 1047 492 cum
1087 461 1194 491 codex
1223 459 1285 495 ille,
1317 464 1351 489 ut
1388 459 1471 488 infra
1505 458 1770 495 monstrabimus,

265 525 395 550 textum
421 519 563 548 mixtum
587 516 718 546 habeat.

312 571 431 601 Codex
460 568 687 599 Hubertianus
710 565 773 607 (H)
797 575 871 596 cum
899 564 1066 594 codicibus
1090 564 1157 594 AY
1180 573 1334 603 magnam
1362 562 1555 592 affinitatem
1582 561 1690 597 habet,
1715 561 1772 591 sed

265 628 378 654 textus
405 627 440 652 ut
465 620 546 651 infra
572 617 873 649 demonstrabimus
898 616 996 655 paulo
1021 616 1180 646 recentior
1208 620 1276 651 est3
1312 619 1344 644 et
1368 613 1623 644 cumffSamuele
1649 613 1773 652 Berger

265 674 308 717 (p.
326 671 399 714 179)
418 672 580 703 credimus
603 680 677 701 eum
702 670 733 699 in
753 668 859 699 Gallia
876 667 1123 707 septentrionali
1145 666 1277 697 saeculo
1298 676 1385 696 nono
1402 666 1560 704 scriptum
1578 665 1685 695 fuisse.

354 826 380 848 2.
414 817 471 847 DE
497 822 632 846 PATRIA
658 821 705 845 ET
730 820 886 844 ORIGINE
912 819 1080 843 CODICUM
1107 818 1305 842 SECUNDAE
1330 817 1474 841 CLASSIS
1500 809 1687 850 DELQR3

904 868 1035 904 BOEG;
1068 867 1136 898 CT.

310 951 365 981 Ex
387 949 510 981 familia
534 948 660 979 Celtica
682 946 876 988 (DELQR)
898 946 1028 977 codices
1051 946 1176 986 primus
1201 950 1233 975 et
1258 944 1393 974 ultimus
1419 944 1449 974 in
1475 943 1637 973 Hibernia
1660 943 1772 982 scripti

265 1008 348 1040 sunt,
366 1003 450 1033 inter
466 1012 570 1032 annos
591 1001 656 1030 fere
680 999 830 1030 &oo—820
848 1005 934 1034 A.D.‚
951 997 1183 1028 Armachanus
1201 996 1254 1026 ille
1271 995 1332 1037 (D)
1353 1006 1371 1026 a
1388 996 1494 1025 scriba
1512 995 1743 1025 Ferdomnach
1755 994 1775 1031 ¹,

265 1055 317 1085 hic
332 1054 628 1085 Rushworthianus
645 1050 704 1093 (R)
721 1063 739 1082 a
758 1051 834 1081 Mac
852 1049 993 1090 Reg012.
1040 1049 1245 1079 Kenanensis
1262 1046 1331 1089 (Q),
1348 1048 1457 1078 forsan
1476 1048 1507 1077 in
1525 1047 1631 1077 insula
1654 1047 1774 1077 celebri

268 1107 327 1147 Hy
344 1107 395 1137 uel
420 1106 501 1136 Iona
523 1103 571 1146 (ut
593 1104 778 1143 suspicatur
796 1103 925 1143 Berger,
948 1113 978 1142 pi
996 1099 1052 1142 41)
1076 1102 1207 1131 ineunte
1231 1100 1362 1131 saeculo
1380 1107 1447 1130 VIII
1470 1100 1610 1140 scriptus
1634 1100 1773 1129 uidetur.

265 1159 383 1190 Codex
398 1158 436 1195 Ε,
450 1168 517 1187 mm
535 1157 651 1191 dictus,
664 1156 681 1185 i.
691 1166 717 1185 e.
733 1154 870 1185 Maioris
884 1153 1079 1184 Monasterii
1093 1152 1304 1189 Turonensis,
1317 1152 1405 1191 prius
1423 1152 1580 1182 ecclesiae
1593 1151 1626 1182 S.
1640 1151 1775 1181 Martini

265 1210 460 1251 pertinebat.
523 1207 737 1239 Ornamentis
778 1206 968 1237 Hibernicis
1006 1205 1184 1235 instructus
1219 1209 1279 1241 est,
1311 1204 1471 1243 scriptura
1511 1203 1646 1240 Gallica,
1679 1208 1774 1233 textu

268 1262 469 1298 Hibernico3
502 1266 535 1292 et
551 1259 682 1291 saeculo
705 1266 744 1288 IX
768 1258 961 1289 tribuendus
984 1261 1042 1287 est.
1090 1256 1339 1291 Lichseldensis‚
1360 1255 1438 1285 olim
1464 1255 1692 1285 Landauensis
1709 1254 1774 1296 (L),

265 1313 409 1353 aequalis
426 1313 493 1343 fere
509 1312 631 1344 codicis
645 1310 852 1341 Kenanensis
870 1309 1021 1345 creditur,
1039 1313 1071 1338 et
1088 1308 1197 1338 forsan
1217 1308 1248 1337 in
1267 1306 1423 1337 Cambria
1436 1307 1448 1324 ³
1465 1307 1604 1346 scriptus
1621 1312 1679 1337 est.
1729 1307 1775 1336 Hi

266 1376 345 1405 ergo
367 1366 497 1396 codices
518 1365 662 1404 quinque
684 1362 889 1392 diuersorum
915 1360 1061 1391 locorum
1084 1360 1294 1390 traditionem
1321 1359 1417 1398 plane
1439 1358 1599 1389 Celticam
1621 1359 1652 1388 in
1673 1369 1775 1389 unum

266 1418 451 1453 conferunt;
475 1421 515 1454 et,
532 1416 667 1456 quando
684 1425 759 1445 cum
775 1414 1012 1453 Epternacensi
1028 1411 1090 1454 (ΞΡ)
1104 1412 1321 1447 consentiunt.
1335 1412 1414 1441 satis
1431 1411 1576 1451 amplam
1596 1411 1772 1451 imaginem

267 1475 380 1500 textus
404 1469 573 1499 Hibernici
595 1466 855 1506 Euangeliorum
879 1465 1219 1504 Hieronymianorum
1245 1468 1510 1503 repraesentant:
1534 1463 1663 1493 codices
1688 1463 1774 1493 enim

266 1521 312 1552 sic
338 1521 559 1560 distinguendi
584 1524 659 1550 sunt
673 1519 791 1548 :—duo
816 1516 862 1558 (D
883 1522 916 1547 et
940 1516 983 1557 R)
1011 1516 1179 1546 Hibernici
1205 1515 1300 1555 plane
1324 1520 1409 1552 sunt,
1430 1525 1512 1545 unus
1534 1513 1594 1556 (Q)
1618 1515 1777 1553 Scoticus,

268 1584 348 1603 unus
369 1572 424 1614 (L)
447 1573 557 1603 forsan
583 1570 803 1607 cambrensis,
826 1574 859 1599 et
883 1580 965 1599 unus
989 1567 1047 1609 (E)
1072 1566 1396 1603 Hiberno-Gallicus‚
1419 1567 1527 1597 forsan
1551 1567 1583 1597 in
1608 1567 1776 1598 Britannia

268 1625 394 1655 minore
418 1625 559 1664 scriptus
570 1623 590 1654 4.

313 1676 429 1708 Codex
448 1677 641 1716 Bigotianus
659 1675 714 1716 (Β)
732 1675 853 1706 saeculi
870 1682 937 1705 VIII
960 1675 1099 1711 uidetur,
1117 1679 1150 1704 et
1173 1673 1288 1704 saltem
1307 1673 1436 1703 saeculo
1454 1680 1501 1702 XV
1520 1673 1551 1702 in
1570 1673 1774 1703 Monasterio

268 1729 478 1760 Fiscannensi
504 1728 706 1766 seruabatur,
733 1728 764 1757 in
795 1727 905 1758 littore
934 1726 1061 1757 Gallico
1090 1726 1208 1756 nostris
1237 1725 1402 1755 littoribus
1429 1725 1593 1764 opposito.
1654 1725 1774 1755 Forma

267 1781 366 1811 etiam
399 1791 515 1811 manus
548 1785 580 1810 et
611 1779 739 1810 indoles
771 1779 947 1810 lectionum
980 1789 1055 1808 cum
1087 1778 1152 1808 situ
1184 1777 1330 1807 locorum
1367 1777 1527 1816 congruit,
1559 1777 1604 1807 ita
1634 1781 1669 1806 ut
1701 1787 1774 1807 cum

269 1832 423 1863 Samuele
442 1832 563 1872 Berger
578 1830 623 1873 (p.
637 1830 692 1872 50)
710 1831 892 1867 credamus⁷
909 1840 984 1860 eum
1002 1831 1086 1860 inter
1105 1829 1273 1859 Hibernos
1291 1829 1419 1858 codices
1436 1838 1507 1858 esse
1524 1830 1774 1864 numerandum,

267 1885 325 1915 sed
354 1884 523 1914 Hibernos
550 1884 604 1923 qui
634 1884 666 1913 in
694 1883 801 1914 Gallia
831 1893 896 1912 non
924 1882 955 1912 in
987 1881 1149 1912 Hibernia
1178 1880 1367 1919 transcripti
1396 1885 1514 1910 essent.
1574 1879 1658 1911 Cum
1687 1881 1775 1911 enim

268 1936 404 1967 saeculis
430 1936 492 1966 illis
518 1947 536 1966 a
554 1942 606 1965 VII
630 1936 672 1966 ad
699 1942 737 1965 XI
768 1936 851 1965 inter
881 1934 940 1964 has
968 1934 1091 1964 insulas
1121 1938 1153 1963 et
1176 1933 1345 1972 Europam
1371 1932 1595 1963 continentem
1624 1933 1776 1971 frequens

268 1989 482 2019 transmeatio
506 1988 698 2018 clericorum
721 1992 754 2017 et
777 1987 1041 2026 praedicatorum
1068 1985 1143 2015 hinc
1172 1985 1258 2014 illinc
1284 1989 1379 2021 esset,
1400 1983 1492 2014 facile
1516 1983 1585 2014 fieri
1608 1985 1717 2023 potuit
1740 1990 1775 2015 ut

268 2039 394 2070 scribae
412 2040 556 2070 Romani
574 2040 605 2069 in
623 2039 829 2069 monasteriis
842 2037 1100 2068 Wiremuthensi
1117 2042 1149 2067 et
1168 2036 1318 2067 Giruensi
1337 2046 1455 2065 munus
1474 2045 1570 2065 suum
1588 2040 1775 2072 tractarent,

269 2096 301 2122 et
329 2091 621 2131 Anglo-Britanni‚
648 2090 738 2121 Scoti
767 2096 799 2121 et
830 2090 970 2120 Hiberni
998 2090 1028 2119 in
1057 2089 1174 2124 Gallia,
1202 2094 1234 2118 et
1264 2088 1295 2117 in
1327 2087 1538 2117 Monasteriis
1567 2087 1774 2128 Sangallensi

269 2148 300 2174 et
319 2144 471 2174 Bobiensi
493 2143 609 2174 eadem
627 2142 779 2173 facerent.
826 2142 881 2172 Ex
903 2152 968 2181 qua
992 2151 1090 2171 causa
1112 2145 1183 2170 orta
1207 2145 1256 2170 est
1278 2144 1392 2169 textus
1414 2138 1538 2168 familia
1560 2149 1645 2178 quae
1667 2150 1774 2179 neque

270 2206 358 2225 mere
376 2195 555 2226 Hibernica
572 2204 678 2234 neque
696 2195 830 2224 omnino
849 2193 976 2223 Gallica
994 2199 1089 2228 esset,
1107 2193 1165 2223 sed
1182 2192 1274 2231 quasi
1293 2191 1400 2221 mixta
1421 2201 1464 2221 ex
1482 2191 1620 2226 duabus,
1638 2196 1681 2228 et,
1698 2201 1772 2221 eum

271 2247 522 2278 fundamentum
543 2246 761 2277 Hibernicum
779 2245 924 2283 haberet,
941 2256 983 2276 ex
1002 2245 1135 2275 Gallicis
1151 2243 1299 2286 textibus
1316 2243 1536 2273 correctiones
1553 2242 1712 2283 proferret
1723 2242 1743 2272 ⁵.

1072 2368 1095 2391 S.
1109 2367 1198 2390 Teliau
1221 2375 1282 2390 saec.
1297 2367 1321 2390 ix
1342 2367 1435 2395 datum,
1453 2369 1477 2389 et
1496 2365 1660 2389 Lichfeldiam
1677 2374 1739 2389 saec.
1759 2374 1773 2389 x

1071 2411 1173 2430 exeunte
1191 2406 1335 2429 translatum
1354 2405 1421 2429 dicit.

1104 2446 1112 2459 ἱ
1131 2446 1170 2469 De
1189 2445 1323 2469 Codicibus
1344 2444 1485 2467 Britanniae
1505 2444 1608 2466 minoris
1626 2444 1771 2474 (Bxetagne)

303 2370 310 2383 ¹
328 2370 393 2394 Uide
406 2370 503 2401 Berger,
515 2379 538 2401 p.
553 2378 591 2400 32,
607 2371 661 2400 380.

303 2409 312 2422 ²
330 2409 394 2433 Uide
406 2409 582 2440 praefationem
595 2418 619 2440 p.
632 2409 683 2433 xiii.

303 2447 312 2461 ³
330 2448 394 2472 Uide
429 2448 463 2471 H.
491 2448 624 2471 Bradshaw
654 2447 771 2471 Collected
804 2448 898 2478 Papers
929 2455 971 2478 pp.

270 2486 366 2517 458-61
388 2487 514 2518 (Cantabr.
531 2487 612 2518 1889),
632 2487 673 2518 qui
690 2486 755 2509 hunc
773 2487 863 2509 librum
878 2487 972 2509 ‘Euan-

270 2526 336 2556 gelia
368 2525 393 2550 S.
417 2525 519 2549 Teliau'
549 2526 739 2555 (Landauensis)
778 2526 860 2556 potius
897 2533 972 2556 quam

271 2563 423 2596 ‘Euangelia
439 2565 464 2589 S.
478 2565 594 2588 ceaddae
603 2564 608 2573 ’
621 2564 821 2595 (Liehfeldensis)
839 2568 972 2595 nuncupat.

271 2604 377 2628 Textum
396 2604 496 2628 saeculo
512 2604 597 2627 viii—ix
615 2604 697 2627 tribuit
718 2606 754 2636 (p.
767 2604 827 2634 483)
846 2608 869 2627 et
882 2604 972 2627 Hiber-

272 2644 353 2667 nicum
367 2643 451 2671 credit,
463 2644 502 2667 uel
515 2643 689 2666 Cambrensem
704 2644 738 2674 (p.
749 2644 816 2673 4597-
847 2643 972 2666 Ecclesiae

1071 2485 1127 2508 uide
1138 2485 1173 2508 H.
1184 2484 1377 2512 Bradshaw‚1.c.
1388 2484 1413 2507 in
1426 2487 1529 2506 tractatu
1542 2483 1601 2505 xxiii
1614 2483 1642 2506 de
1654 2482 1774 2506 codicibus

1071 2524 1216 2547 collectionis
1226 2523 1391 2547 Hz'hmzensis
1403 2527 1426 2546 et
1439 2522 1582 2553 appendice.

1104 2564 1112 2577 ⁵
1131 2564 1169 2587 De
1192 2563 1239 2586 hac
1259 2563 1281 2593 J.
1303 2563 1401 2593 Lupton
1424 2562 1484 2584 bene
1507 2564 1531 2584 et
1558 2560 1651 2584 erudite
1675 2560 1773 2591 scripsit

1070 2610 1142 2633 super
1158 2602 1268 2626 codicem
1287 2601 1454 2625 Bibliothecae
1468 2600 1676 2630 cantabrigiensis
1694 2599 1742 2622 Kk.
1757 2599 1773 2622 i.

1023 2664 1024 2674 ἵ
1073 2649 1117 2672 „⁷4;
1137 2642 1178 2664 sed
1191 2641 1330 2664 dissertatio
1347 2640 1456 2663 nondum
1470 2639 1565 2670 publici
1578 2639 1637 2662 iuris
1652 2638 1715 2661 sac-ta
1728 2642 1772 2661 est.
