2209 3147
393 330 498 360 DSPGQ
507 338 563 352 aur.

229 566 386 595 XXXVII.
409 566 455 594 De
477 566 566 595 calice
587 570 614 594 et
633 566 729 593 catino

270 614 415 641 mundatis
430 613 555 641 farisseis
570 613 606 641 de
621 612 697 641 soris.

229 661 402 689 XXXVIII.
425 660 471 688 De
486 661 580 697 prima
595 659 730 688 cathedra

269 714 296 736 et
325 707 524 735 monumentis
549 706 729 744 profetarum

269 756 434 791 improperat
450 754 504 782 dfis
520 754 653 782 farisseis.

229 848 419 877 XXXVIIII.
457 848 534 876 Dicit
581 848 729 885 discipulis

269 895 415 923 adtendite
436 895 463 922 A
485 895 626 923 fermento
649 895 728 923 faris-

269 951 385 970 seorum
405 947 432 970 et
448 942 498 979 qui
514 942 615 970 dixerit
630 942 659 969 in
674 944 729 978 spu

269 993 320 1018 sco
335 998 396 1017 non
411 990 569 1017 remittetur
584 989 609 1016 ei
630 994 657 1017 et
676 998 728 1017 no-

270 1036 317 1064 lite
333 1036 459 1073 cogitare
475 1036 544 1073 quid
560 1035 728 1073 loquamini.

228 1663 354 1691 hominis
376 1663 471 1691 diuitis
492 1663 596 1691 uberes
618 1662 727 1691 fructus

269 1710 361 1738 attulit
378 1710 531 1747 possessio.

228 1756 290 1785 XL.
324 1756 421 1785 Nolite
449 1757 551 1785 soliciti
577 1766 640 1785 esse
667 1757 727 1784 ani·
752 1779 753 1782 ,

269 1813 333 1833 mae
344 1805 413 1841 quid
426 1814 499 1841 opus
509 1805 543 1832 sit
554 1809 581 1832 et
592 1804 647 1832 lilia
657 1804 725 1841 agri.

806 245 1067 274 SECUNDUM
1086 246 1259 275 LUCAM.

945 328 962 351 J
976 329 1117 359 (capilala).

782 566 844 595 XL.
883 566 942 594 Ubi
981 567 1060 604 apud
1098 566 1282 603 pharisaeum

822 614 945 651 prandet
959 618 987 642 et
1006 613 1074 641 dicit
1093 614 1129 641 de
1147 613 1235 641 calice
1255 619 1282 641 et

822 661 920 689 catino
946 666 973 689 et
999 661 1035 689 de
1061 660 1229 697 elemosyna
1255 665 1282 688 et

822 708 941 736 mentha
957 713 984 736 et
1005 708 1112 736 anetho
1132 712 1160 735 et
1179 717 1282 736 monu-

822 756 927 783 mentis
943 760 971 783 et
987 755 1076 784 claue.

782 848 861 876 XLI.
881 849 925 877 De
938 849 1066 886 quinque
1078 849 1243 885 passeribus
1255 854 1283 877 et

824 897 860 924 de
876 895 1061 924 confessione
1082 900 1109 923 et
1128 897 1283 933 negatione

822 952 894 971 eius.

782 1661 875 1689 XLII.
899 1661 944 1690 De
962 1662 1081 1690 homine
1097 1661 1184 1690 diuite
1205 1663 1284 1690 cuius

821 1709 924 1737 uberes
941 1709 1043 1737 adtulit
1058 1718 1135 1745 ager.

261 2031 397 2055 XXXVII.
433 2032 579 2055 mundantes
619 2030 642 2054 G
667 2039 724 2054 aur.
752 2004 753 2053 i

227 2064 369 2095 pharisaeos
390 2064 421 2090 G,
444 2064 565 2095 pharisaei
586 2064 676 2095 Qaur.
712 2072 726 2087 a
752 2083 753 2104 ζ

228 2097 285 2120 soris
298 2097 349 2126 ZPQ
358 2104 415 2120 aur.

260 2129 409 2152 XXXVIII.
431 2129 461 2152 de
484 2129 574 2159 primas
598 2130 726 2153 cathedras

228 2162 277 2192 GQ
284 2170 340 2185 ama
370 2165 531 2185 monumenta
543 2162 591 2192 GQ
601 2170 656 2185 aur.
686 2164 725 2185 in-

227 2203 318 2222 prop..·
337 2194 473 2218 innumerat
482 2202 547 2223 amn,
562 2195 677 2225 inprobat
688 2195 711 2218 G
721 2203 726 2222 ς

234 2234 251 2251 ÷
260 2228 403 2258 inproperat
415 2227 461 2250 dfis
470 2227 574 2250 farisseis
584 2228 726 2259 inproperat

228 2261 252 2283 D
265 2260 307 2283 scd
316 2263 368 2290 exp.
407 2264 433 2286 >
443 2259 507 2283 faris.
521 2260 564 2283 dns
577 2260 607 2283 G.

260 2293 423 2315 XXXVIIII.
449 2299 465 2316 -μ
482 2293 523 2316 ubi
552 2293 587 2315 ad
612 2293 670 2316 init.
694 2293 725 2316 G.

228 2327 299 2349 dicit
307 2332 323 2349 4-
333 2325 377 2348 dns
389 2333 445 2348 aur.
480 2333 525 2348 om.
536 2327 682 2349 adtendite
694 2326 725 2348 D.

227 2361 256 2382 et
268 2359 317 2385 qui
328 2357 399 2395 (quid
408 2358 442 2388 Q)
454 2360 509 2381 dix.
520 2367 525 2381 z
544 2358 591 2380 ilzc.
602 2358 677 2381 XLII
690 2358 724 2381 ΞΡ.
751 2348 753 2360 i

227 2391 361 2422 loquemini
379 2391 408 2421 Q
444 2392 567 2414 hominis
580 2391 626 2413 inc.
640 2391 686 2413 XL
703 2390 726 2413 G

230 2424 282 2454 (ubi
300 2423 361 2453 h.)Q
373 2431 438 2452 aun,
457 2424 504 2446 inc.
520 2423 607 2446 XLIII
626 2423 659 2445 ΞΡ.
698 2427 724 2449 >

229 2456 352 2487 possessio
365 2456 454 2478 adtulit
467 2464 523 2478 aur.

261 2489 315 2511 XL.
327 2490 416 2512 nolite
427 2489 474 2512 inc.
483 2489 543 2512 XLI
553 2488 582 2519 Q.
593 2492 725 2519 svntprae-

228 2521 321 2544 cedente
340 2521 368 2544 in
388 2522 433 2544 XL
453 2522 509 2544 incl,
532 2521 630 2549 Gama,
653 2525 675 2544 cl
698 2521 726 2543 in

228 2554 316 2577 XLIII
329 2554 364 2576 ΞΡ.
407 2561 422 2577 4-
433 2558 456 2576 et
469 2554 529 2577 dicit
542 2554 576 2576 ml
588 2554 644 2576 snit.
659 2554 689 2577 G.

751 2546 753 2569 i

1776 257 1832 287 291

1396 329 1420 351 K
1431 329 1506 352 Harl.
1523 335 1585 360 2790
1599 330 1680 353 lVam.
1693 331 1780 354 Bamh.

1336 566 1496 595 XXXVII.
1520 566 1566 594 De
1579 567 1675 595 calicis
1685 568 1842 604 exprobrat

1377 618 1406 641 et
1421 614 1509 641 catini
1525 613 1704 650 pharisaeos.

1336 846 1509 874 XXXVIII.
1539 846 1597 874 Ubi
1617 846 1767 874 uitandum
1787 847 1840 876 do-

1377 899 1421 922 cet
1451 894 1505 922 dfis
1534 894 1755 931 pharisaeorum
1784 894 1840 922 fer-

1378 946 1510 969 mentum
1530 946 1557 969 et
1576 941 1647 968 nihil
1669 950 1734 969 esse
1756 951 1841 978 oper-

1377 993 1440 1016 tum
1458 998 1512 1016 nec
1532 988 1696 1016 timendum
1717 997 1770 1017 eos
1790 989 1839 1025 qui

1378 1045 1485 1072 corpus
1501 1036 1647 1064 occidunt.

1337 1660 1527 1690 XXXVIIII.
1550 1661 1607 1689 Pro
1626 1661 1766 1689 diuisione
1786 1661 1838 1690 he-

1378 1708 1505 1736 reditatis
1531 1714 1649 1745 rogatus
1673 1709 1713 1736 eis
1738 1709 1835 1736 simili-

1377 1756 1507 1784 tudinem
1524 1756 1618 1783 diuitis
1633 1757 1761 1793 exponit.
