2258 3157
382 352 495 382 DEPGQ.

191 398 333 427 XXVIII.
354 397 484 425 Nomina
495 396 694 433 apostolorum

232 446 301 474 dicit
319 454 393 482 quos
415 444 506 472 missit
522 443 597 472 Cum
613 443 694 471 omni

231 492 371 521 doctrina.

190 633 349 661 XXVIIII.
372 632 402 661 Si
416 642 469 661 uos
484 637 694 669 persequentur

231 681 261 708 in
271 690 330 709 una
336 680 449 709 ciuitate
459 679 548 717 fugite
557 679 587 706 in
598 681 693 708 aliam.

191 882 287 910 XXX.
310 882 370 917 Qui
397 882 498 919 Diligit
527 887 639 920 patrem
665 888 692 911 et

231 934 355 957 matrem
375 930 439 966 plus
455 939 543 967 quam
564 939 611 958 me
631 939 691 958 non

231 981 276 1005 est
293 986 339 1004 me
356 977 470 1013 dignus.

191 1204 302 1232 XXXI.
324 1204 465 1233 Iohannis
480 1194 515 1233 de
525 1214 640 1233 carcere
657 1206 693 1233 ad

232 1252 303 1280 <iffi
319 1252 404 1279 mittit
419 1257 446 1280 et
460 1252 504 1280 ihs
517 1252 552 1280 de
564 1252 692 1281 iohanne

231 1299 358 1336 loquitur
393 1300 430 1328 ad
465 1301 563 1327 turbas
591 1300 637 1327 lex
665 1306 693 1328 et

230 1346 359 1383 profetae
371 1356 462 1384 usque
478 1347 516 1376 ad
526 1347 691 1376 iohannem.

191 1437 318 1466 XXXII.
340 1438 400 1467 Ubi
421 1439 587 1476 inproperat
608 1448 691 1467 coro-

230 1485 295 1513 zain
310 1490 338 1513 et
353 1486 506 1513 betzaidan
521 1487 691 1515 ciuitatibus.

189 1627 332 1657 XXXIII.
357 1628 508 1657 Confiteor
532 1630 582 1657 tibi
611 1635 692 1667 pater

232 1676 305 1703 caeli
326 1680 354 1704 et
372 1681 463 1704 terrae
481 1678 550 1714 quia
565 1678 690 1705 abscon-

230 1723 294 1751 disti
323 1723 393 1751 haec
422 1733 438 1751 a
464 1725 641 1761 sapientibus
664 1730 692 1752 et

230 1770 364 1799 reuelasti
379 1771 451 1799 haec
466 1772 601 1808 paruulis.

189 1817 348 1846 XXXIIII.
365 1817 422 1846 Ubi
439 1818 571 1855 discipuli
583 1819 692 1847 uellunt

230 1865 325 1902 spicas
341 1865 476 1893 sabbatis.

188 2099 313 2127 XXXV.
342 2100 401 2128 Ubi
430 2110 550 2129 manum
579 2102 690 2129 aridam

229 2147 341 2175 sanauit
362 2153 390 2175 et
411 2148 562 2176 hominem
583 2158 599 2176 a
621 2149 690 2177 dae-

222 2221 348 2245 XXVIII.
368 2223 437 2245 dicit
450 2230 520 2249 quos
531 2231 536 2246 ·.
555 2223 653 2253 inponit
666 2227 690 2246 et

190 2254 221 2278 G.
251 2254 362 2277 doctrina
375 2254 394 2277 si
406 2258 447 2278 etc.
462 2255 489 2278 in
501 2256 579 2278 eodem
593 2259 642 2285 cap.
653 2255 687 2279 ΞΡ.

221 2287 359 2310 XXVIIII.
388 2292 565 2318 persequuntur
603 2288 689 2318 EPGQ.

188 2328 263 2343 unam
280 2320 406 2343 ciuitatem
423 2320 510 2350 ZPGQ.

221 2352 305 2375 XXX.
323 2354 387 2379 plus
400 2360 483 2380 quam
495 2362 498 2375 z
519 2361 591 2384 super
603 2353 688 2384 ZPGQ.

188 2393 234 2409 om.
248 2393 291 2408 me
305 2385 335 2415 Q.

221 2418 318 2441 XXXI.
338 2420 420 2442 dm:
444 2417 495 2441 ihm
505 2419 599 2448 H³GQ;
621 2422 647 2444 >
659 2419 690 2441 ad

188 2451 239 2474 ihm
258 2451 288 2474 de
306 2459 400 2474 carcere
421 2451 477 2481 GQ.
522 2452 590 2477 >ad
606 2452 690 2474 turbas

188 2483 298 2514 loquitur
315 2484 400 2514 OEPGQ.
445 2484 480 2507 ad
501 2486 547 2507 lex
571 2485 618 2507 inv.
639 2488 689 2514 [ap.

188 2516 319 2539 XXXIIII
332 2517 375 2545 ΞΡς
393 2521 416 2540 et
429 2517 469 2540 lex
482 2517 536 2547 GQ.

221 2549 346 2573 XXXIII.
364 2558 410 2573 om.
424 2551 495 2573 caeli
511 2553 539 2573 et
556 2552 645 2573 terrae
659 2550 690 2573 G.

189 2582 303 2605 renelasti
321 2590 350 2605 ea
368 2583 463 2613 SPGQ3
488 2589 528 2606 -1-a
546 2590 598 2613 sap.
614 2583 638 2605 D
652 2583 693 2605 scd

200 2618 347 2645 xpunctmn.

221 2648 360 2671 XXXIIII.
376 2652 402 2675 >
410 2648 490 2679 spicas
499 2648 594 2671 uellunt
604 2648 688 2677 {PGQ

222 2680 330 2704 XXXV.
348 2689 393 2704 om.
405 2684 432 2704 et
440 2684 497 2704 ans&
505 2682 648 2704 hominem
659 2680 689 2710 Q.

715 266 802 297 SEC
808 267 902 296 UND
909 267 978 296 HM
998 268 1064 296 MA
1075 268 1277 298 TTHEUM.

926 353 943 376 J
960 353 1073 382 (breues).

748 396 814 425 XX.
836 397 895 425 Ubi
930 398 1068 434 praedicit
1101 399 1250 436 discipulis

789 445 1023 480 persecutionem
1042 450 1069 473 et
1085 446 1165 483 quod
1185 455 1249 474 cor-

787 500 841 527 pus
857 492 1005 520 occidatur
1020 502 1079 521 non
1095 493 1200 522 anima.

747 631 829 659 XXI.
853 631 898 660 De
912 632 1026 660 duobus
1038 633 1204 669 passeribus
1220 638 1248 661 et

787 679 854 707 dicit
878 680 947 715 quia
972 689 1031 707 non
1054 680 1122 708 ueni
1146 689 1249 717 pacem

787 725 898 754 mittere
925 727 954 754 in
977 731 1083 754 terram
1112 727 1163 755 sed
1186 727 1248 763 gia-

788 772 878 801 dium.

748 1206 847 1234 XXII.
870 1206 929 1234 Ubi
950 1207 1098 1236 Iohannes
1118 1208 1195 1236 misit
1210 1208 1247 1236 ad

787 1254 886 1282 Iesum
926 1254 1085 1291 discipulos
1122 1264 1190 1284 suos
1221 1261 1247 1284 et

786 1302 869 1329 Iesus
884 1301 952 1329 dicit
972 1302 1007 1329 de
1029 1311 1064 1330 eo
1085 1302 1165 1339 quod
1185 1303 1247 1340 ipse

786 1354 829 1377 est
845 1349 947 1376 Helias
963 1350 1012 1386 qui
1028 1353 1166 1377 uenturus
1182 1355 1233 1378 est.

746 1448 858 1475 XXIII.
880 1448 926 1476 De
955 1448 1051 1485 pueris
1080 1448 1247 1477 sedentibus

786 1496 815 1522 in
846 1495 909 1523 foro
940 1500 968 1522 et
1000 1496 1050 1523 ubi
1079 1496 1246 1533 inproperat

786 1542 948 1570 ciuitatibus
969 1543 1037 1579 quia
1057 1543 1083 1570 ei
1104 1552 1165 1571 non
1185 1552 1246 1571 cre—

785 1589 927 1617 diderunt.

785 1689 857 1711 trem
884 1688 911 1710 et
937 1683 972 1710 de
1001 1683 1069 1719 iugo
1093 1684 1155 1711 eius
1179 1684 1247 1721 quia

786 1739 874 1758 suane
890 1735 940 1758 est.

745 1824 840 1852 XXV.
863 1823 921 1852 Ubi
938 1824 1072 1860 discipuli
1087 1824 1142 1851 Ihu
1161 1825 1246 1853 uelle-

785 1872 854 1899 bant
888 1871 982 1907 spicas
1011 1876 1038 1899 et
1068 1871 1103 1899 de
1129 1871 1247 1900 homine

785 1919 815 1946 in
843 1918 1000 1955 Synagoga
1038 1919 1086 1955 qui
1126 1928 1247 1946 manum

785 1966 911 1993 habebat
926 1965 1045 1994 aridam.

744 2106 856 2134 XXVI.
880 2105 925 2134 De
953 2106 1072 2134 homine
1104 2114 1191 2134 caeco
1219 2111 1246 2134 et

784 2159 865 2182 muto
885 2162 973 2190 quem
991 2153 1178 2181 daemonium
1194 2153 1245 2181 ha-

745 1636 874 1663 XXIIII.
898 1635 1050 1664 Confessio
1063 1636 1130 1664 Iesu
1143 1636 1179 1664 ad
1195 1646 1246 1673 pa·
1272 1645 1273 1652 ¹

1763 280 1801 311 27

1532 355 1565 380 K.

1343 400 1539 437 apostolorum
1555 401 1623 430 dicit
1641 411 1714 439 quos
1728 403 1805 431 misit

1344 457 1412 475 cum
1437 449 1517 476 omni
1538 449 1670 477 doctrina
1691 453 1716 478 el
1728 448 1802 488 ul(?)

1342 495 1499 531 prudentes
1509 496 1564 523 sint
1573 497 1646 524 sicut
1656 502 1804 534 serpentes

1344 547 1444 570 monet
1458 546 1484 570 el
1500 543 1574 579 qnod
1584 543 1671 572 frater
1685 543 1803 572 fratrem

1343 589 1378 616 sit
1393 589 1556 618 traditurus.

1302 634 1429 663 XXVII.
1451 636 1509 664 Ubi
1530 636 1598 665 dicit
1619 637 1642 665 si
1662 646 1716 665 uos
1737 647 1803 674 per-

1343 688 1499 719 sequentur
1510 683 1540 711 in
1552 693 1641 712 unam
1657 684 1803 712 ciuitatem

1344 729 1432 766 sugite
1450 731 1480 758 in
1498 731 1584 758 aliam
1602 736 1629 759 et
1647 731 1728 768 quod
1742 741 1803 760 non

1342 777 1453 804 uenerit
1468 787 1571 814 pacem
1590 779 1701 807 mittere
1717 788 1804 816 super

1342 830 1446 851 terram
1462 825 1513 852 sed
1528 826 1665 862 gladium.

1303 870 1446 898 XXVIII.
1469 871 1527 900 Ubi
1557 872 1625 900 dicit
1650 873 1699 909 qui
1725 878 1803 901 amat

1342 923 1455 954 patrem
1492 924 1541 947 aut
1577 925 1701 948 matrem
1738 920 1803 957 plus

1342 974 1431 1001 quam
1445 974 1492 993 me
1507 975 1568 994 non
1584 971 1626 994 est
1641 975 1687 994 me
1699 967 1804 1004 dignus

1344 1016 1371 1039 et
1386 1012 1435 1048 qui
1450 1021 1504 1040 uos
1520 1013 1621 1050 recipit
1636 1023 1682 1041 me
1694 1014 1804 1051 recipit.

1302 1211 1461 1239 XXVIIII.
1494 1211 1641 1240 Iohannes
1677 1212 1714 1239 ad
1743 1212 1803 1240 ihm

1342 1258 1463 1286 mandat
1476 1263 1507 1286 tu
1518 1267 1549 1286 es
1560 1258 1608 1295 qui
1624 1264 1762 1287 uenturus
1772 1268 1803 1287 es

1343 1314 1380 1333 an
1396 1305 1484 1333 alium
1500 1310 1690 1342 expectamus
1712 1311 1739 1334 et
1759 1306 1803 1333 ihs

1342 1352 1410 1380 dicit
1425 1353 1471 1380 lex
1492 1356 1520 1380 et
1537 1352 1696 1389 prophetae
1711 1362 1803 1390 usque

1341 1399 1804 1436 adiohannemprophetauerunt.

1301 1446 1396 1474 XXX.
1418 1446 1475 1474 Ubi
1486 1447 1624 1483 proponit
1634 1447 1803 1483 parabolam

1341 1493 1377 1521 de
1399 1494 1496 1530 pueris
1512 1493 1679 1522 sedentibus
1694 1494 1722 1520 in
1739 1493 1802 1522 foro

1342 1545 1369 1569 et
1394 1541 1572 1577 improperat
1597 1540 1753 1568 chorozain
1775 1545 1803 1569 et

1340 1587 1491 1615 bethsaida
1503 1587 1583 1624 quod
1598 1596 1659 1615 non
1674 1587 1803 1625 egissent

1340 1635 1544 1671 paenitentiae.

1300 1681 1412 1709 XXXI.
1445 1681 1505 1708 Ubi
1541 1681 1694 1709 confitetur
1728 1681 1803 1718 patri

1341 1728 1421 1765 quod
1437 1728 1606 1756 reueiauerit
1622 1737 1652 1755 se
1674 1727 1802 1764 paruulis

1342 1781 1370 1803 et
1391 1776 1470 1812 quod
1493 1775 1594 1811 iugum
1616 1775 1690 1802 illius
1713 1784 1803 1803 suaue

1341 1827 1384 1850 est
1399 1826 1427 1849 et
1445 1831 1519 1850 onus
1534 1822 1607 1850 leue.

1301 1869 1428 1897 XXXII.
1453 1869 1511 1896 Ubi
1537 1868 1670 1905 discipuli
1693 1868 1803 1896 uellunt

1342 1916 1438 1953 spicas
1452 1915 1579 1944 sabbatis
1595 1919 1623 1943 et
1638 1915 1718 1952 quod
1733 1915 1802 1943 mis-

1341 1963 1513 1990 ericordiam
1529 1962 1590 1990 uult
1605 1961 1698 1998 magis
1713 1971 1802 1999 quam

1341 2009 1521 2037 sacrificium.

1300 2103 1442 2131 XXXIII.
1465 2102 1591 2130 Manum
1611 2101 1721 2129 aridam
1736 2111 1802 2130 san-

1341 2151 1399 2178 auit
1427 2155 1455 2178 et
1483 2149 1551 2177 dicit
1578 2149 1645 2177 licet
1675 2149 1803 2178 sabbatis
