2258 3157
375 254 431 284 xvi
537 254 815 283 PRAEFATIO.
865 253 962 283 CAP.
986 253 1044 282 ll'.
1101 253 1167 282 DE
1189 253 1423 283 EDJTJONE
1445 254 1486 284 R.
1510 254 1749 284 BENTLEJJ.

377 356 497 387 Casleii
514 368 574 387 sex
591 357 741 388 codicum
755 355 997 387 Oxoniensium
1014 356 1206 387 collationes
1222 367 1306 387 anno
1323 363 1399 395 1721
1417 356 1527 395 factas,
1541 367 1624 397 quos
1641 357 1727 387 notis
1739 357 1880 397 signauit

374 421 393 447 γ
406 407 482 450 χ(3)
495 411 521 448 ψ
539 408 573 439 C.
615 409 670 438 Ex
687 409 806 448 quibus
823 419 879 439 eos
896 409 950 448 qui
968 409 1008 438 ad
1028 408 1211 448 Euangelia
1228 414 1378 449 spectant
1404 409 1485 439 infra
1502 409 1628 449 plenius
1651 410 1880 440 recensuimus.

376 460 426 490 Cf.
450 461 549 491 etiam
576 460 641 490 Old
663 460 763 491 Latin
780 459 818 490 B.
840 459 874 490 T.
892 470 941 490 ΠΟ.
969 460 993 495 I,
1018 460 1128 490 Oxon.
1156 460 1248 501 1883.
1296 460 1370 491 Hoc
1395 460 1549 491 uolumen
1574 466 1681 491 totum
1706 461 1879 501 (quantum

374 518 484 543 nostra
505 511 672 553 intererat)
697 512 798 542 nostri
822 512 928 551 gratia
952 512 1195 552 exscripserunt
1212 512 1263 542 W.
1282 512 1318 542 C.
1338 511 1416 549 Bell,
1433 518 1466 543 et
1491 512 1665 543 Elizabeth
1691 518 1721 543 et
1745 513 1881 552 Janetta

372 564 532 603 johnson.
578 564 631 594 De
648 563 879 594 collationibus
896 564 989 594 codd.
1009 564 1123 594 Graec.
1144 564 1176 594 in
1198 564 1260 594 hoc
1279 563 1444 594 uolumine
1462 565 1712 604 comprehensis,
1729 565 1766 596 cf.
1782 565 1826 596 A.
1838 565 1879 595 Α.

375 615 457 645 Ellis
474 615 615 646 Bentleii
632 615 712 646 Crit.
733 616 839 645 Sacra
859 627 889 656 p.
907 616 1030 646 xxxix.

461 667 494 697 B.
518 676 564 706 17.
583 667 600 695 6
630 668 715 698 idem
745 668 826 698 liber
853 673 911 705 est,
935 678 980 698 sc.
1001 667 1043 697 N.
1060 668 1098 698 T.
1125 667 1427 698 Graeco-Latinum
1451 668 1527 698 anni
1555 668 1644 705 1628,
1669 669 1710 699 ad
1734 674 1879 699 mentem

374 718 512 750 Bentleii
537 725 728 750 correctum.
785 720 928 750 Notulas
951 720 1051 750 etiam
1080 720 1225 750 continet
1249 720 1280 749 in
1305 720 1426 750 chartis
1459 720 1708 759 interpaginatis
1732 721 1879 760 scriptaS,

371 781 509 810 quarum
531 772 694 802 delectum
718 771 821 802 edidit
843 771 887 801 A.
905 772 947 802 A.
966 771 1048 802 Ellis
1065 771 1119 802 l.c.
1138 782 1189 811 pp.
1207 780 1348 811 49—117.
1394 771 1524 801 Textus
1547 772 1637 801 latini
1663 773 1879 802 correctiones

371 824 473 853 nostri
489 824 594 864 gratia
612 823 771 854 beneuole
792 824 966 863 exscripsit
985 823 1064 853 Eliz.
1078 823 1226 862 Johnson
1244 834 1355 853 mense
1370 823 1454 853 Iulio
1475 823 1563 853 1882.
1604 823 1669 853 Sed
1689 834 1794 863 neque
1810 834 1879 854 cor-

371 876 533 906 rectiones
557 886 690 915 graecas
708 874 805 916 (teste
829 876 948 905 idoneo
974 875 1114 905 Edwino
1139 875 1276 909 Palmer,
1294 875 1538 906 Archidiacono
1556 875 1753 916 Oxoniensi)
1775 886 1880 915 neque

372 927 488 957 latinas
507 927 551 957 ita
568 927 717 958 Bentleio
739 937 852 957 reuera
871 932 902 957 et
926 927 1054 967 penitus
1075 926 1236 967 placuisse
1257 927 1427 962 credimus,
1446 932 1481 957 ut
1503 937 1545 957 ex
1570 927 1623 962 eis,
1642 927 1688 956 uti
1713 937 1797 957 nunc
1820 938 1881 957 ex-

371 983 469 1017 stant,
486 980 663 1010 editionem
686 989 779 1009 suam
800 979 831 1009 in
853 979 958 1009 lucem
980 979 1125 1018 proferre
1146 978 1313 1008 uoluisset.
1361 978 1492 1018 Operae
1517 989 1594 1008 uero
1619 979 1760 1018 pretium
1783 980 1879 1009 aesti-

372 1031 535 1061 mauimus
562 1031 718 1061 lectiones
741 1031 859 1061 latinas
882 1041 997 1061 omnes
1022 1041 1064 1060 ex
1088 1030 1150 1060 hoc
1174 1030 1258 1061 libro
1282 1031 1371 1070 typis
1396 1031 1685 1070 mandare—quod
1710 1041 1878 1071 nunquam

371 1087 468 1113 antea
496 1083 619 1113 factum
646 1088 776 1113 est—ut
802 1088 914 1122 pateat
942 1088 1103 1122 quantum
1134 1082 1302 1112 Bentleius
1331 1082 1385 1112 ille
1411 1082 1583 1122 profecerit
1613 1083 1644 1112 in
1674 1082 1880 1113 Clementina

371 1135 515 1165 editione
533 1135 732 1175 corrigenda.
780 1134 818 1164 In
836 1145 901 1174 qua
919 1135 1121 1165 correctione
1138 1133 1210 1170 hoc,
1227 1139 1261 1164 ut
1285 1138 1424 1171 constat,
1442 1134 1601 1174 imprimis
1623 1134 1683 1164 sibi
1707 1135 1879 1174 proposuit

371 1192 406 1216 ut
420 1188 685 1217 concordantiam
699 1196 836 1226 graecae
850 1186 995 1216 lectionis
1012 1196 1086 1216 cum
1101 1196 1177 1215 uera
1190 1185 1451 1224 Hieronymiana
1466 1186 1662 1216 ostenderet.
1691 1185 1879 1217 Conicimus

371 1249 448 1278 ergo
465 1238 566 1273 illum,
585 1238 815 1269 collationibus
832 1238 957 1277 aliquot
974 1238 1077 1275 factis,
1088 1238 1129 1267 ad
1148 1238 1409 1268 conciliationem
1427 1248 1562 1277 graecae
1579 1243 1611 1267 et
1629 1237 1748 1268 latinae
1766 1238 1878 1269 lectio-

370 1290 419 1320 nis
441 1289 502 1320 hac
523 1291 646 1320 ratione
671 1290 878 1329 processisse.
926 1289 961 1320 Si
984 1295 1093 1329 posset
1118 1294 1219 1319 testes
1245 1289 1371 1327 latinos,
1390 1290 1440 1319 uel
1466 1290 1635 1329 pauciores
1659 1300 1802 1326 numero,
1819 1301 1879 1330 pro

370 1342 431 1372 hac
451 1343 684 1373 concordantia
701 1342 863 1375 adhibere.
880 1341 1049 1381 uulgatam
1068 1342 1137 1371 sine
1155 1341 1220 1371 ulla
1238 1351 1330 1372 mora
1346 1343 1387 1372 ad
1404 1341 1547 1372 Graecae
1564 1341 1712 1372 lectionis
1728 1352 1878 1372 normam

370 1394 564 1434 corrigebat.
611 1394 645 1424 Si
663 1393 719 1424 tali
737 1399 848 1424 autern
865 1393 1054 1424 testimonio
1072 1393 1312 1429 destitueretur,
1325 1393 1430 1423 hamis
1448 1394 1598 1423 rotundis
1617 1394 1647 1423 in
1669 1394 1813 1433 margine
1830 1394 1876 1424 in-

370 1446 465 1476 clusit
482 1446 665 1482 lectioncm,
679 1456 751 1476 cum
770 1455 886 1485 graeco
900 1446 1165 1482 concordantem,
1179 1456 1277 1485 quarn
1297 1455 1406 1475 ueram
1427 1445 1589 1478 credebat,
1603 1451 1634 1475 et
1652 1456 1710 1485 pro
1724 1456 1761 1475 ea
1778 1450 1878 1477 testes

370 1497 489 1528 latinos
506 1499 695 1537 quaerebat.
744 1498 807 1527 His
829 1497 970 1536 denique
989 1498 1164 1536 exquisitis
1188 1497 1239 1527 uel
1261 1497 1382 1527 oblatis
1402 1497 1518 1527 hamos
1537 1497 1676 1527 subinde
1696 1498 1825 1534 deleuit,
1843 1503 1878 1529 ut

370 1550 555 1579 ostenderet
581 1550 752 1580 lectionem
786 1549 851 1579 iam
875 1549 1042 1579 codicibus
1066 1549 1294 1580 confirmatam
1324 1559 1404 1580 esse.
1462 1549 1525 1580 Pro
1553 1548 1713 1589 exemplis
1739 1554 1813 1580 sunt
1827 1562 1880 1580 2—-

371 1601 468 1632 Matt.
485 1612 514 1632 v.
533 1601 550 1630 8
568 1600 708 1643 (mnndi)
725 1601 816 1631 corde
832 1601 922 1640 quod
938 1601 1066 1641 graecis
1083 1601 1193 1631 uerbis
1213 1602 1241 1631 οἱ
1258 1601 1382 1639 καθαροὶ
1398 1602 1433 1642 τῇ
1453 1601 1557 1641 καρδίᾳ
1574 1601 1749 1640 respondet
1771 1602 1828 1631 sed
1846 1601 1878 1631 in

371 1653 465 1683 nullis
485 1654 653 1684 codicibus
676 1653 944 1692 Hieronymianis
965 1652 1094 1693 legitur.
1142 1653 1267 1684 Contra
1291 1653 1322 1682 in
1347 1653 1444 1683 Matt.
1467 1653 1535 1683 xiii.
1557 1661 1595 1683 22
1620 1653 1674 1683 ubi
1694 1653 1782 1683 harni
1805 1664 1878 1693 per-

371 1706 481 1735 lineati
507 1710 583 1736 sunt
611 1705 709 1746 Q>ilt
737 1704 838 1744 spinis
864 1705 1044 1735 scmz‘zmms
1071 1703 1139 1745 ess}
1161 1715 1220 1744 pro
1243 1705 1427 1735 inuersione
1449 1709 1550 1735 testes
1577 1704 1740 1745 (quamuis
1765 1709 1879 1735 nostro

371 1757 492 1788 iudicio
509 1768 572 1787 non
591 1758 669 1787 satis
687 1756 799 1797 fortes)
816 1762 930 1796 postea
951 1757 1099 1793 detexit3
1124 1757 1201 1787 item
1220 1757 1262 1787 ib.
1280 1764 1320 1794 47
1338 1767 1377 1787 cx
1395 1757 1609 1796 onmigcncrc
1625 1756 1879 1797 (lonapisciumss

370 1820 430 1849 pro
447 1810 623 1839 omissione
639 1814 740 1839 testes
760 1809 884 1839 inuenit
899 1821 905 1846 3
931 1814 964 1839 et
980 1819 1033 1839 xv.
1050 1818 1088 1846 14
1106 1808 1261 1850 Qcadcntl)
1279 1819 1338 1849 pro
1357 1808 1465 1839 futuro
1477 1806 1709 1850 (Ξπεσοῦυται)
1729 1809 1879 1839 similiter

370 1866 472 1891 testes
488 1861 650 1891 adhibuit.

457 1913 560 1943 Bcnll.
579 1913 610 1942 in
628 1912 749 1943 notulis
767 1913 888 1943 nostris
905 1913 946 1942 ad
964 1912 1060 1943 huius
1077 1913 1198 1943 codicis
1215 1912 1372 1943 lectiones
1390 1912 1497 1950 refert,
1516 1913 1576 1942 nisi
1594 1913 1688 1943 aliter
1705 1917 1847 1943 notatur.

458 1964 494 1994 B.
515 1972 563 2003 17.
584 1974 622 2002 14
638 1965 694 2004 qui
712 1969 760 1994 est
779 1964 897 1995 Sancti
911 1964 1108 2004 Hieronymi
1122 1964 1250 1995 Dim'mz
1267 1964 1470 2001 Biblz'otllcca,
1493 1965 1621 1995 Parisiis
1640 1965 1671 1995 in
1687 1965 1776 2000 folio,
1790 1965 1878 2005 apud

373 2016 420 2045 Io.
436 2016 581 2047 Anisson
596 2017 676 2056 1693
691 2015 860 2057 (uolumen
873 2027 916 2047 sc.
930 2027 972 2046 ex
991 2016 1186 2046 Martianaci
1201 2017 1348 2047 editione
1362 2015 1517 2057 primum)
1530 2017 1673 2047 continet
1689 2017 1878 2047 collationes

371 2068 521 2098 codicum
547 2068 727 2099 multorum
752 2073 785 2099 et
808 2068 938 2098 notulas
963 2068 1101 2098 Bentleii
1127 2068 1227 2107 ipsius
1252 2079 1351 2098 manu
1375 2068 1522 2107 scriptas.
1576 2068 1706 2098 Horum
1728 2070 1877 2099 codicum

372 2120 521 2149 notitiam
540 2119 635 2150 offert
658 2120 792 2150 Ellisius
809 2120 827 2149 l.
842 2130 866 2150 c,
884 2130 914 2160 p.
932 2120 967 2150 xl
985 2130 1043 2159 sq„
1064 2130 1203 2159 quorum
1222 2119 1352 2159 plurimi
1375 2125 1449 2150 sunt
1470 2130 1512 2149 cx
1538 2119 1743 2150 Bibliotheca
1768 2120 1878 2160 Regis,

372 2171 422 2201 cui
451 2171 617 2202 Bentlcius
644 2172 713 2212 ipse
741 2177 900 2212 praeerat,
924 2172 1023 2202 ceteri
1048 2182 1091 2202 ex
1117 2172 1187 2202 aliis
1214 2171 1358 2210 Angliae
1387 2171 1602 2202 bibliothecis.
1651 2172 1722 2202 Nos
1748 2183 1791 2202 ex
1817 2173 1880 2203 hoc

373 2223 541 2253 uolumine
565 2234 629 2254 non
653 2224 737 2254 adeo
766 2223 869 2254 multa
895 2224 1129 2262 excerpsimus,
1153 2234 1227 2254 cum
1247 2223 1517 2262 cognouissernus
1543 2223 1725 2254 Bentleium
1751 2234 1815 2254 non
1841 2234 1879 2254 ea

371 2285 457 2313 quae
482 2286 539 2315 par
563 2280 647 2306 esset
671 2285 748 2306 cura
773 2276 902 2305 codices
928 2275 1073 2305 conferre
1098 2275 1240 2305 solitum.
1290 2275 1432 2305 Notulas
1455 2280 1567 2305 tamen
1592 2276 1701 2315 magni
1727 2276 1821 2316 pretii
1845 2281 1879 2306 et

373 2327 576 2357 coniecturas
593 2328 624 2356 in
641 2338 679 2357 eo
698 2327 890 2362 inuenimus,
907 2337 1045 2366 quarum
1068 2327 1233 2357 delectum
1251 2337 1325 2358 cum
1346 2327 1418 2358 aliis
1439 2327 1541 2357 edidit
1565 2327 1698 2358 lillisius
1723 2328 1879 2358 asterisco

373 2378 527 2417 signatas
547 2389 605 2409 nos
622 2389 680 2419 pro
698 2379 792 2409 nobis
808 2379 908 2409 etiam
924 2378 1088 2409 delectum
1106 2379 1248 2409 fecimus.

429 2445 612 2485 Conspectus
635 2447 804 2478 lectionum
828 2447 1096 2478 Bentlcz'cmaa'nm
1121 2448 1153 2477 ist
1179 2447 1372 2487 linangcllis
1395 2458 1434 2478 cx
1455 2447 1535 2478 libro
1564 2447 1617 2477 Τι’.
1646 2446 1720 2478 Call.
1748 2447 1838 2478 Cant.

861 2499 899 2528 B.
916 2506 964 2536 17.
984 2498 1001 2527 6
1027 2500 1270 2539 arscm'plamtm.

447 2561 611 2587 Notandum
631 2568 672 2588 est
694 2563 848 2589 Bentleium
869 2563 947 2596 signo
976 2568 998 2593 Λ
1024 2572 1073 2597 pro
1093 2563 1235 2589 additione
1253 2564 1408 2595 uerborum,
1428 2547 1458 2590 Β
1478 2572 1527 2596 pro
1546 2563 1693 2588 amissione
1712 2567 1737 2588 et
1756 2562 1879 2588 numeris

375 2602 495 2628 arabicis
512 2610 533 2633 1,
549 2610 572 2630 2,
588 2610 602 2635 3
617 2610 667 2629 cte.
689 2613 737 2637 pro
756 2606 916 2630 imterssone
934 2614 1014 2631 usum
1031 2614 1100 2631 esse.
1140 2606 1200 2631 Nos
1221 2605 1300 2638 signa
1315 2611 1408 2631 nostra
1425 2611 1477 2637 (ψ,
1494 2613 1546 2630 om.
1564 2610 1591 2630 et
1617 2604 1671 2636 >L
1685 2609 1713 2630 ut
1733 2613 1795 2630 cum
1813 2613 1878 2630 nos-

376 2649 480 2669 trarum
501 2645 657 2670 notularum
678 2655 727 2671 usu
743 2652 936 2678 congruerent,
951 2647 977 2673 in
992 2647 1044 2672 hoc
1063 2653 1214 2680 conspectu
1233 2646 1419 2672 adhibuimus.
1456 2647 1551 2671 llam!
1566 2646 1689 2675 rotundi,
1704 2651 1732 2671 ut
1748 2645 1878 2677 (mundi),

378 2689 442 2713 (mn.
463 2691 532 2716 nost,
554 2689 597 2715 (>
614 2686 686 2711 illam
710 2687 832 2719 fecistis),
853 2688 975 2714 indicant
997 2688 1127 2714 lectiones
1149 2697 1209 2714 cuin
1230 2697 1329 2721 graeca
1350 2688 1465 2714 ueritate
1486 2688 1691 2713 consentientes
1711 2696 1760 2721 pro
1780 2687 1879 2721 quibus
