2258 3157
364 367 477 397 DEPGQ.

171 415 269 442 XIIII.
289 413 386 442 Nemo
398 418 493 450 potest
507 422 529 440 11
548 411 674 440 dominis

212 461 317 490 seruire
339 466 367 489 et
396 461 431 489 de
457 459 620 488 uolatilibus
646 465 673 487 et

210 509 273 537 liliis
288 513 316 536 et
331 507 512 536 solicitudine
527 506 592 535 diei.

170 696 235 724 XV.
258 696 302 723 De
318 695 420 723 fistuca
440 695 469 722 in
485 694 571 722 oculo
590 699 617 722 et
636 694 671 721 de

210 743 289 771 trabe
300 742 334 770 de
346 741 515 778 margaretis
530 750 591 769 non
606 741 671 768 mit-

211 789 304 817 tendis
320 794 387 817 ante
401 797 514 826 porcos.

171 1024 251 1052 XVI.
282 1024 390 1051 Intrate
427 1032 479 1059 per
516 1027 670 1059 angustam

211 1075 327 1108 portam
336 1076 363 1098 et
379 1075 479 1098 cauete
490 1079 506 1097 a
515 1069 593 1098 falsis
603 1078 671 1106 pro-

211 1118 281 1146 fetis.

170 1400 268 1428 XVII.
291 1399 361 1428 Non
390 1398 496 1428 Omnis
525 1399 574 1436 qui
605 1398 672 1427 dicit

212 1447 281 1474 mihi
297 1447 353 1474 dne
369 1447 425 1474 dne
441 1446 471 1474 ni
488 1451 515 1474 et
531 1446 566 1474 de
582 1446 672 1474 domu

212 1504 297 1531 super
312 1499 431 1531 petram.

173 1736 286 1764 XVIII.
321 1735 505 1764 Discendens
550 1735 594 1764 ihs
637 1735 672 1763 de

214 1788 313 1811 monte
329 1783 473 1820 leprosum
488 1782 645 1810 mundauit.

172 1876 300 1905 XVIIII.
323 1876 382 1904 Ubi
398 1876 524 1904 Puerum
540 1876 672 1904 Centori-

212 1925 276 1953 onis
292 1924 335 1952 ihs
351 1923 464 1952 saluum
478 1923 553 1952 fecit.

173 2065 239 2093 XX.
259 2064 319 2093 Ubi
349 2073 466 2093 socrum
497 2074 514 2092 a
548 2064 674 2093 febribus

213 2112 345 2139 liberauit
376 2112 426 2139 ubi
455 2111 574 2149 quidam
603 2111 674 2139 dixit

205 2197 294 2220 XIIII.
313 2197 427 2220 uolatssia
448 2197 479 2221 G.
530 2200 554 2220 et
574 2197 674 2220 liliabus

174 2229 197 2259 Q
208 2237 213 2257 3
232 2229 294 2252 caeli
306 2233 364 2261 (pro
382 2233 406 2253 et
418 2229 467 2259 Iil.)
479 2230 510 2253 G.
553 2236 569 2253 ψ
578 2230 609 2252 de
617 2233 674 2252 ante

173 2261 252 2285 solici.
266 2262 296 2286 G.

206 2295 263 2318 XV.
284 2298 338 2321 >et
353 2294 383 2317 de
401 2295 469 2318 trabe
488 2300 543 2324 tom.
558 2295 588 2318 de
601 2293 636 2325 G)
650 2294 674 2317 in

173 2327 245 2350 oculo
263 2327 341 2357 zPGQ
362 2327 392 2350 de
413 2335 491 2358 marg.
513 2331 553 2351 etc.
575 2328 603 2350 ist
623 2331 673 2357 cap.

172 2360 315 2390 XVIpom't
323 2360 359 2383 ΞΡ.
379 2364 406 2386 >
417 2364 474 2383 ante
486 2368 509 2391 p.
519 2368 567 2384 non
577 2360 629 2383 mit.
639 2360 675 2383 Ξ-Ρ.

206 2393 380 2416 XVI=XVII
393 2393 421 2415 in
434 2393 462 2415 ΞΡ
474 2397 497 2416 et
507 2393 541 2416 sic
554 2393 632 2424 ἱφζρἀ.

205 2425 291 2449 XVII.
311 2426 359 2448 dn‘e
386 2426 489 2449 intrabit
516 2425 541 2449 in
573 2433 673 2456 regnum

174 2458 283 2481 celorum
307 2458 393 2488 {PG-Q.
440 2458 516 2481 domu
544 2458 673 2482 aedificata

174 2498 247 2521 super
258 2494 353 2521 petram
364 2495 388 2514 et
400 2491 517 2514 harenam
529 2491 616 2521 SPGQ.

207 2523 307 2546 XVIII.
332 2531 349 2547 ψ
359 2524 390 2547 Et
402 2527 459 2546 ante
472 2524 531 2547 disc.
546 2524 581 2547 ΞΡ.

208 2555 320 2580 XVIIII.
339 2560 400 2579 cent.
409 2564 426 2580 -ι-
435 2556 472 2580 ins
485 2557 572 2587 OEPGQ.

207 2588 265 2612 XX.
283 2589 479 2613 socrum÷Petri
494 2589 572 2619 &PGQ
588 2588 673 2611 adubi

175 2621 275 2651 quidam
288 2621 336 2646 inc.
353 2621 417 2645 XXI
432 2622 461 2645 in
478 2622 534 2652 GQ,
553 2622 631 2645 XXII
646 2622 673 2644 in

700 280 757 308 SE
760 279 785 308 C
791 279 885 308 [LVD
891 278 963 306 HM
981 278 1047 307 MA
1058 278 1087 306 T
1086 279 1151 307 PH
1151 278 1260 307 EUM.

909 365 925 387 J
942 364 1054 393 threnos».

727 410 780 438 XI.
802 410 847 438 De
866 419 902 438 eo
923 410 1004 447 quod
1024 418 1112 437 nemo
1135 413 1231 446 potest

768 457 883 485 duobus
900 457 1025 485 dominis
1037 456 1144 484 seruire
1156 461 1184 484 et
1196 456 1230 483 de

768 513 828 532 non
848 504 1006 541 cogitando
1022 503 1092 540 quid
1107 512 1180 540 opus
1195 502 1230 530 sit

768 551 883 578 animae
901 556 929 578 et
949 550 1062 587 corpori
1081 555 1108 577 et
1123 549 1159 577 de
1173 549 1229 577 fes-

767 602 833 625 tuca
849 602 876 625 et
891 598 970 625 trabe
986 597 1015 625 in
1030 597 1124 625 oculo.

725 1018 793 1046 XII.
822 1017 868 1045 De
904 1018 1017 1046 duabus
1048 1018 1103 1046 uiis
1136 1022 1164 1046 et
1194 1017 1230 1045 de

766 1064 844 1092 falsis
882 1065 1030 1102 prophetis
1061 1069 1090 1093 et
1125 1065 1229 1093 arbore

766 1112 844 1140 bona
856 1117 884 1140 et
900 1112 976 1140 mala

725 1396 752 1420 et
776 1391 843 1429 quia
864 1400 924 1419 non
946 1400 1048 1420 omnes
1070 1392 1177 1419 intrant
1198 1391 1227 1419 in

766 1448 888 1476 regnum
907 1439 1053 1467 caelorum
1076 1444 1103 1466 et
1123 1439 1159 1467 de
1175 1439 1227 1466 do-

766 1495 815 1513 mo
831 1485 981 1514 aedificata
997 1495 1084 1523 super
1100 1491 1221 1523 petram.

727 1723 812 1750 XIII.
834 1723 881 1751 De
906 1723 1063 1760 paralytico
1086 1723 1227 1752 mundato

769 1775 796 1799 et
811 1770 848 1798 de
863 1770 922 1798 filio
938 1770 1131 1800 Centurionis.

728 2055 827 2083 XIIII.
859 2055 919 2083 Ubi
947 2064 1063 2084 socrum
1100 2055 1174 2084 Petri
1211 2065 1228 2084 a

768 2102 895 2130 febribus
929 2102 1061 2130 liberauit
1095 2108 1123 2131 et
1159 2102 1227 2132 dae-

1746 286 1783 317 23

1515 365 1547 388 K.

1283 412 1383 440 XIIII.
1406 411 1530 439 Duobus
1546 410 1671 438 dominis
1693 410 1785 437 nemi-

1324 468 1392 487 nem
1423 459 1527 486 debere
1557 457 1664 485 seruire
1693 462 1721 484 et
1748 457 1784 484 de

1324 505 1451 534 uolatilia
1463 505 1535 533 caeli
1547 510 1575 532 et
1585 504 1619 531 de
1630 503 1784 531 solitudine

1325 550 1388 591 (sic)
1404 552 1459 580 diei
1475 557 1504 580 et
1521 560 1581 579 non
1597 550 1784 579 iudicandum

1324 600 1359 627 de
1375 599 1485 627 alienis.

1282 687 1349 715 XV.
1372 687 1417 715 De
1438 687 1547 715 festuca
1569 690 1597 713 et
1618 686 1732 713 trabem
1754 685 1784 713 in

1323 734 1411 762 oculo
1433 739 1460 762 et
1483 737 1616 761 sanctum
1632 741 1695 760 non
1711 732 1784 760 dan-

1324 782 1393 810 dum
1419 781 1541 810 canibus
1570 784 1598 808 et
1623 779 1783 816 petendum

1325 828 1458 856 fideliter.

1283 1032 1365 1060 XVI.
1388 1032 1444 1061 Per
1480 1039 1635 1070 angustam
1669 1040 1784 1072 portam

1323 1085 1351 1108 et
1366 1089 1425 1108 non
1441 1089 1492 1117 per
1504 1082 1663 1118 spatiosam
1676 1083 1783 1110 intran-

1323 1127 1393 1155 dum
1421 1132 1449 1155 et
1478 1129 1557 1165 quod
1589 1129 1675 1157 arbor
1705 1131 1784 1158 bona

1323 1174 1429 1202 fructus
1444 1175 1538 1203 malos
1553 1185 1613 1204 non
1629 1176 1702 1205 facit.

1281 1401 1379 1430 XVII.
1402 1402 1494 1437 Quod
1520 1412 1581 1431 non
1610 1403 1708 1432 omnis
1734 1404 1782 1441 qui

1321 1449 1391 1478 dicit
1406 1450 1462 1478 dffe
1482 1451 1539 1479 dr}
1562 1451 1647 1479 intret
1668 1451 1697 1478 in
1719 1461 1782 1488 reg-

1321 1505 1393 1524 num
1418 1498 1564 1526 caelorum
1587 1503 1615 1526 et
1635 1498 1670 1526 de
1692 1499 1783 1526 domo

1321 1544 1473 1572 aedificata
1499 1554 1587 1582 Super
1615 1550 1727 1582 petram
1756 1550 1784 1573 et

1321 1590 1467 1619 harenam.

1281 1732 1392 1760 XVIII.
1415 1732 1473 1760 Ubi
1489 1733 1574 1761 docet
1589 1733 1632 1761 ihs
1648 1734 1720 1761 sicut
1730 1743 1783 1771 po-

1321 1784 1453 1807 testatem
1477 1780 1588 1808 habens
1611 1786 1639 1809 et
1662 1780 1782 1809 descen-

1321 1826 1393 1855 dens
1429 1827 1465 1855 de
1501 1832 1600 1856 monte
1635 1828 1782 1865 leprosum

1322 1873 1485 1902 mundauit.

1281 1920 1410 1948 XVIIII.
1421 1920 1455 1949 In
1466 1921 1664 1959 capharnaum
1674 1922 1783 1959 ingres-

1322 1976 1370 1995 sus
1386 1977 1508 2004 puerum
1524 1969 1701 1997 centurionis
1717 1978 1782 1997 san-

1322 2014 1389 2042 auit.

1280 2060 1346 2088 XX.
1370 2061 1491 2089 Socrum
1515 2062 1586 2099 petri
1616 2071 1633 2090 a
1656 2062 1783 2090 febribus

1321 2108 1433 2136 sanauit
1453 2113 1481 2136 et
1498 2108 1616 2146 quidam
1635 2109 1706 2137 dixit
1722 2109 1781 2138 dffo
