<?xml version="1.0" encoding="UTF-8"?>
<!DOCTYPE html PUBLIC "-//W3C//DTD XHTML 1.0 Transitional//EN"
    "http://www.w3.org/TR/xhtml1/DTD/xhtml1-transitional.dtd">
<html xmlns="http://www.w3.org/1999/xhtml" xml:lang="en" lang="en">
 <head>
  <title>
</title>
<meta http-equiv="Content-Type" content="text/html;charset=utf-8" />
  <meta name='ocr-system' content='tesseract 3.04.00' />
  <meta name='ocr-capabilities' content='ocr_page ocr_carea ocr_par ocr_line ocrx_word'/>
</head>
<body>
  <div class='ocr_page' id='page_1' title='image "./quattuoreuangeli00jero_0546.png"; bbox 0 0 2209 3147; ppageno 0'>
   <div class='ocr_carea' id='block_1_1' title="bbox 375 253 437 284">
    <p class='ocr_par' dir='ltr' id='par_1_1' title="bbox 375 253 437 284">
     <span class='ocr_line' id='line_1_1' title="bbox 375 253 437 284; baseline 0 -11"><span class='ocrx_word' id='word_1_1' title='bbox 375 253 437 284; x_wconf 82' lang='lat'>500</span> 
     </span>
    </p>
   </div>
   <div class='ocr_carea' id='block_1_2' title="bbox 538 329 810 359">
    <p class='ocr_par' dir='ltr' id='par_1_2' title="bbox 538 329 810 359">
     <span class='ocr_line' id='line_1_2' title="bbox 538 329 810 359; baseline -0.004 -7"><span class='ocrx_word' id='word_1_2' title='bbox 538 329 639 352; x_wconf 76' lang='lat' dir='ltr'>Auvv</span> <span class='ocrx_word' id='word_1_3' title='bbox 648 329 726 351; x_wconf 58' lang='lat' dir='ltr'>Harl.</span> <span class='ocrx_word' id='word_1_4' title='bbox 741 334 810 359; x_wconf 74' lang='lat'>2797-</span> 
     </span>
    </p>
   </div>
   <div class='ocr_carea' id='block_1_3' title="bbox 374 374 977 1918">
    <p class='ocr_par' dir='ltr' id='par_1_3' title="bbox 374 374 976 638">
     <span class='ocr_line' id='line_1_3' title="bbox 374 374 976 403; baseline -0.002 0"><span class='ocrx_word' id='word_1_5' title='bbox 374 375 470 403; x_wconf 86' lang='lat' dir='ltr'>XXV.</span> <span class='ocrx_word' id='word_1_6' title='bbox 494 374 622 403; x_wconf 81' lang='lat' dir='ltr'>Caecum</span> <span class='ocrx_word' id='word_1_7' title='bbox 636 384 651 402; x_wconf 88' lang='lat' dir='ltr'>a</span> <span class='ocrx_word' id='word_1_8' title='bbox 662 375 808 402; x_wconf 83' lang='lat' dir='ltr'>natiuitate</span> <span class='ocrx_word' id='word_1_9' title='bbox 825 380 976 402; x_wconf 77' lang='lat' dir='ltr'>sanaturus</span> 
     </span>
     <span class='ocr_line' id='line_1_4' title="bbox 416 421 975 458; baseline -0.004 -8"><span class='ocrx_word' id='word_1_10' title='bbox 416 423 509 450; x_wconf 87' lang='lat' dir='ltr'>lucem</span> <span class='ocrx_word' id='word_1_11' title='bbox 532 422 632 449; x_wconf 88' lang='lat' dir='ltr'>mundi</span> <span class='ocrx_word' id='word_1_12' title='bbox 656 431 685 449; x_wconf 91' lang='lat' dir='ltr'>se</span> <span class='ocrx_word' id='word_1_13' title='bbox 708 421 776 450; x_wconf 87' lang='lat' dir='ltr'>dicit</span> <span class='ocrx_word' id='word_1_14' title='bbox 798 431 884 458; x_wconf 86' lang='lat' dir='ltr'>quern</span> <span class='ocrx_word' id='word_1_15' title='bbox 908 430 975 449; x_wconf 90' lang='lat' dir='ltr'>cum</span> 
     </span>
     <span class='ocr_line' id='line_1_5' title="bbox 416 468 976 506; baseline 0 -10"><span class='ocrx_word' id='word_1_16' title='bbox 416 469 614 497; x_wconf 78' lang='lat' dir='ltr'>inluminasset</span> <span class='ocrx_word' id='word_1_17' title='bbox 627 469 717 496; x_wconf 87' lang='lat' dir='ltr'>multa</span> <span class='ocrx_word' id='word_1_18' title='bbox 729 469 885 506; x_wconf 80' lang='lat' dir='ltr'>pharisaeis</span> <span class='ocrx_word' id='word_1_19' title='bbox 895 468 976 496; x_wconf 81' lang='lat' dir='ltr'>anxi-</span> 
     </span>
     <span class='ocr_line' id='line_1_6' title="bbox 415 516 976 554; baseline -0.004 -10"><span class='ocrx_word' id='word_1_20' title='bbox 415 521 489 544; x_wconf 81' lang='lat' dir='ltr'>etate</span> <span class='ocrx_word' id='word_1_21' title='bbox 512 517 630 544; x_wconf 76' lang='lat' dir='ltr'>turbatis</span> <span class='ocrx_word' id='word_1_22' title='bbox 656 522 742 554; x_wconf 85' lang='lat' dir='ltr'>atque</span> <span class='ocrx_word' id='word_1_23' title='bbox 770 516 976 553; x_wconf 76' lang='lat' dir='ltr'>quaerentibus</span> 
     </span>
     <span class='ocr_line' id='line_1_7' title="bbox 415 563 975 600; baseline -0.002 -9"><span class='ocrx_word' id='word_1_24' title='bbox 415 564 477 600; x_wconf 88' lang='lat' dir='ltr'>ipse</span> <span class='ocrx_word' id='word_1_25' title='bbox 489 564 526 591; x_wconf 85' lang='lat' dir='ltr'>ab</span> <span class='ocrx_word' id='word_1_26' title='bbox 538 563 710 591; x_wconf 87' lang='lat' dir='ltr'>inluminato</span> <span class='ocrx_word' id='word_1_27' title='bbox 723 563 858 600; x_wconf 86' lang='lat' dir='ltr'>cognitus</span> <span class='ocrx_word' id='word_1_28' title='bbox 874 563 975 591; x_wconf 87' lang='lat' dir='ltr'>adora-</span> 
     </span>
     <span class='ocr_line' id='line_1_8' title="bbox 414 616 468 638; baseline 0 0"><span class='ocrx_word' id='word_1_29' title='bbox 414 616 468 638; x_wconf 85' lang='lat' dir='ltr'>tur.</span> 
     </span>
    </p>

    <p class='ocr_par' dir='ltr' id='par_1_4' title="bbox 375 657 975 930">
     <span class='ocr_line' id='line_1_9' title="bbox 375 657 975 694; baseline -0.002 -9"><span class='ocrx_word' id='word_1_30' title='bbox 375 657 485 685; x_wconf 88' lang='lat' dir='ltr'>XXVI.</span> <span class='ocrx_word' id='word_1_31' title='bbox 509 657 567 692; x_wconf 87' lang='lat' dir='ltr'>Qui</span> <span class='ocrx_word' id='word_1_32' title='bbox 583 667 643 685; x_wconf 89' lang='lat' dir='ltr'>non</span> <span class='ocrx_word' id='word_1_33' title='bbox 659 657 743 685; x_wconf 78' lang='lat' dir='ltr'>intrat</span> <span class='ocrx_word' id='word_1_34' title='bbox 756 657 848 694; x_wconf 90' lang='lat' dir='ltr'>inquit</span> <span class='ocrx_word' id='word_1_35' title='bbox 859 657 888 684; x_wconf 93' lang='lat' dir='ltr'>in</span> <span class='ocrx_word' id='word_1_36' title='bbox 900 657 975 685; x_wconf 85' lang='lat' dir='ltr'>ouile</span> 
     </span>
     <span class='ocr_line' id='line_1_10' title="bbox 414 704 974 742; baseline 0 -10"><span class='ocrx_word' id='word_1_37' title='bbox 414 714 466 741; x_wconf 91' lang='lat' dir='ltr'>per</span> <span class='ocrx_word' id='word_1_38' title='bbox 476 705 580 732; x_wconf 87' lang='lat' dir='ltr'>ostium</span> <span class='ocrx_word' id='word_1_39' title='bbox 586 704 631 732; x_wconf 87' lang='lat' dir='ltr'>fur</span> <span class='ocrx_word' id='word_1_40' title='bbox 640 709 682 732; x_wconf 88' lang='lat' dir='ltr'>est</span> <span class='ocrx_word' id='word_1_41' title='bbox 693 713 781 742; x_wconf 86' lang='lat' dir='ltr'>seque</span> <span class='ocrx_word' id='word_1_42' title='bbox 792 704 859 733; x_wconf 90' lang='lat' dir='ltr'>dicit</span> <span class='ocrx_word' id='word_1_43' title='bbox 869 704 974 733; x_wconf 85' lang='lat' dir='ltr'>ostium</span> 
     </span>
     <span class='ocr_line' id='line_1_11' title="bbox 414 752 974 789; baseline -0.002 -9"><span class='ocrx_word' id='word_1_44' title='bbox 414 757 442 780; x_wconf 87' lang='lat' dir='ltr'>et</span> <span class='ocrx_word' id='word_1_45' title='bbox 462 757 606 789; x_wconf 75' lang='lat' dir='ltr'>pastorem</span> <span class='ocrx_word' id='word_1_46' title='bbox 629 752 728 779; x_wconf 89' lang='lat' dir='ltr'>ouium</span> <span class='ocrx_word' id='word_1_47' title='bbox 750 761 803 788; x_wconf 93' lang='lat' dir='ltr'>pro</span> <span class='ocrx_word' id='word_1_48' title='bbox 825 752 928 789; x_wconf 90' lang='lat' dir='ltr'>quibus</span> <span class='ocrx_word' id='word_1_49' title='bbox 945 761 974 779; x_wconf 85' lang='lat' dir='ltr'>se</span> 
     </span>
     <span class='ocr_line' id='line_1_12' title="bbox 415 799 975 836; baseline -0.002 -9"><span class='ocrx_word' id='word_1_50' title='bbox 415 808 496 827; x_wconf 89' lang='lat' dir='ltr'>suam</span> <span class='ocrx_word' id='word_1_51' title='bbox 519 799 646 827; x_wconf 76' lang='lat' dir='ltr'>animani</span> <span class='ocrx_word' id='word_1_52' title='bbox 670 799 831 836; x_wconf 90' lang='lat' dir='ltr'>positurum</span> <span class='ocrx_word' id='word_1_53' title='bbox 854 804 881 826; x_wconf 88' lang='lat' dir='ltr'>et</span> <span class='ocrx_word' id='word_1_54' title='bbox 905 799 975 827; x_wconf 82' lang='lat' dir='ltr'>alias</span> 
     </span>
     <span class='ocr_line' id='line_1_13' title="bbox 414 846 975 883; baseline -0.002 -9"><span class='ocrx_word' id='word_1_55' title='bbox 414 855 485 874; x_wconf 84' lang='lat' dir='ltr'>oues</span> <span class='ocrx_word' id='word_1_56' title='bbox 498 846 689 874; x_wconf 84' lang='lat' dir='ltr'>adducturum</span> <span class='ocrx_word' id='word_1_57' title='bbox 706 846 872 883; x_wconf 81' lang='lat' dir='ltr'>pronuntiat</span> <span class='ocrx_word' id='word_1_58' title='bbox 884 852 914 874; x_wconf 91' lang='lat' dir='ltr'>ut</span> <span class='ocrx_word' id='word_1_59' title='bbox 927 846 975 874; x_wconf 79' lang='lat' dir='ltr'>fiat</span> 
     </span>
     <span class='ocr_line' id='line_1_14' title="bbox 415 893 809 930; baseline -0.003 -9"><span class='ocrx_word' id='word_1_60' title='bbox 415 902 504 921; x_wconf 89' lang='lat' dir='ltr'>unum</span> <span class='ocrx_word' id='word_1_61' title='bbox 520 893 595 921; x_wconf 89' lang='lat' dir='ltr'>ouile</span> <span class='ocrx_word' id='word_1_62' title='bbox 611 902 686 921; x_wconf 89' lang='lat' dir='ltr'>unus</span> <span class='ocrx_word' id='word_1_63' title='bbox 701 897 809 930; x_wconf 88' lang='lat' dir='ltr'>pastor.</span> 
     </span>
    </p>

    <p class='ocr_par' dir='ltr' id='par_1_5' title="bbox 375 939 975 1251">
     <span class='ocr_line' id='line_1_15' title="bbox 375 939 975 968; baseline -0.003 0"><span class='ocrx_word' id='word_1_64' title='bbox 375 940 502 968; x_wconf 89' lang='lat' dir='ltr'>XXVII.</span> <span class='ocrx_word' id='word_1_65' title='bbox 526 940 701 968; x_wconf 81' lang='lat' dir='ltr'>Potestatern</span> <span class='ocrx_word' id='word_1_66' title='bbox 725 940 830 968; x_wconf 86' lang='lat' dir='ltr'>habere</span> <span class='ocrx_word' id='word_1_67' title='bbox 856 949 886 967; x_wconf 89' lang='lat' dir='ltr'>se</span> <span class='ocrx_word' id='word_1_68' title='bbox 910 939 975 967; x_wconf 86' lang='lat' dir='ltr'>dicit</span> 
     </span>
     <span class='ocr_line' id='line_1_16' title="bbox 415 986 974 1024; baseline -0.004 -9"><span class='ocrx_word' id='word_1_69' title='bbox 415 987 541 1024; x_wconf 87' lang='lat' dir='ltr'>ponendi</span> <span class='ocrx_word' id='word_1_70' title='bbox 580 997 612 1015; x_wconf 89' lang='lat' dir='ltr'>ac</span> <span class='ocrx_word' id='word_1_71' title='bbox 650 987 811 1015; x_wconf 79' lang='lat' dir='ltr'>resumendi</span> <span class='ocrx_word' id='word_1_72' title='bbox 847 986 974 1014; x_wconf 83' lang='lat' dir='ltr'>animam</span> 
     </span>
     <span class='ocr_line' id='line_1_17' title="bbox 416 1033 974 1072; baseline -0.004 -10"><span class='ocrx_word' id='word_1_73' title='bbox 416 1043 496 1062; x_wconf 85' lang='lat' dir='ltr'>suam</span> <span class='ocrx_word' id='word_1_74' title='bbox 536 1034 610 1062; x_wconf 87' lang='lat' dir='ltr'>facta</span> <span class='ocrx_word' id='word_1_75' title='bbox 620 1043 737 1072; x_wconf 84' lang='lat' dir='ltr'>quoque</span> <span class='ocrx_word' id='word_1_76' title='bbox 750 1034 869 1062; x_wconf 84' lang='lat' dir='ltr'>encenia</span> <span class='ocrx_word' id='word_1_77' title='bbox 882 1033 974 1061; x_wconf 86' lang='lat' dir='ltr'>hiero—</span> 
     </span>
     <span class='ocr_line' id='line_1_18' title="bbox 415 1080 975 1118; baseline -0.005 -8"><span class='ocrx_word' id='word_1_78' title='bbox 415 1081 534 1118; x_wconf 79' lang='lat' dir='ltr'>solymis</span> <span class='ocrx_word' id='word_1_79' title='bbox 545 1082 616 1110; x_wconf 86' lang='lat' dir='ltr'>inter</span> <span class='ocrx_word' id='word_1_80' title='bbox 628 1081 717 1109; x_wconf 85' lang='lat' dir='ltr'>multa</span> <span class='ocrx_word' id='word_1_81' title='bbox 730 1090 804 1118; x_wconf 86' lang='lat' dir='ltr'>quae</span> <span class='ocrx_word' id='word_1_82' title='bbox 820 1080 975 1118; x_wconf 80' lang='lat' dir='ltr'>pharisaeis</span> 
     </span>
     <span class='ocr_line' id='line_1_19' title="bbox 416 1129 974 1164; baseline -0.005 -7"><span class='ocrx_word' id='word_1_83' title='bbox 416 1129 628 1157; x_wconf 74' lang='lat' dir='ltr'>sciscitantibus</span> <span class='ocrx_word' id='word_1_84' title='bbox 658 1129 766 1157; x_wconf 78' lang='lat' dir='ltr'>dixerat</span> <span class='ocrx_word' id='word_1_85' title='bbox 796 1129 835 1156; x_wconf 85' lang='lat' dir='ltr'>ait</span> <span class='ocrx_word' id='word_1_86' title='bbox 864 1136 919 1164; x_wconf 82' lang='lat' dir='ltr'>ego</span> <span class='ocrx_word' id='word_1_87' title='bbox 948 1132 974 1154; x_wconf 89' lang='lat' dir='ltr'>et</span> 
     </span>
     <span class='ocr_line' id='line_1_20' title="bbox 415 1174 974 1214; baseline -0.005 -10"><span class='ocrx_word' id='word_1_88' title='bbox 415 1182 497 1214; x_wconf 84' lang='lat' dir='ltr'>pater</span> <span class='ocrx_word' id='word_1_89' title='bbox 519 1185 610 1204; x_wconf 90' lang='lat' dir='ltr'>unum</span> <span class='ocrx_word' id='word_1_90' title='bbox 637 1185 737 1204; x_wconf 88' lang='lat' dir='ltr'>sumus</span> <span class='ocrx_word' id='word_1_91' title='bbox 759 1180 787 1203; x_wconf 89' lang='lat' dir='ltr'>et</span> <span class='ocrx_word' id='word_1_92' title='bbox 810 1174 890 1202; x_wconf 89' lang='lat' dir='ltr'>multi</span> <span class='ocrx_word' id='word_1_93' title='bbox 914 1183 974 1201; x_wconf 89' lang='lat' dir='ltr'>cre-</span> 
     </span>
     <span class='ocr_line' id='line_1_21' title="bbox 416 1223 681 1251; baseline -0.004 0"><span class='ocrx_word' id='word_1_94' title='bbox 416 1223 547 1251; x_wconf 90' lang='lat' dir='ltr'>diderunt</span> <span class='ocrx_word' id='word_1_95' title='bbox 563 1223 591 1250; x_wconf 92' lang='lat' dir='ltr'>in</span> <span class='ocrx_word' id='word_1_96' title='bbox 607 1232 681 1250; x_wconf 89' lang='lat' dir='ltr'>eum.</span> 
     </span>
    </p>

    <p class='ocr_par' dir='ltr' id='par_1_6' title="bbox 375 1268 976 1487">
     <span class='ocr_line' id='line_1_22' title="bbox 375 1268 975 1306; baseline -0.005 -8"><span class='ocrx_word' id='word_1_97' title='bbox 375 1270 517 1298; x_wconf 85' lang='lat' dir='ltr'>XXVIII.</span> <span class='ocrx_word' id='word_1_98' title='bbox 555 1270 697 1298; x_wconf 86' lang='lat' dir='ltr'>Lazarum</span> <span class='ocrx_word' id='word_1_99' title='bbox 741 1268 975 1306; x_wconf 87' lang='lat' dir='ltr'>quadriduanum</span> 
     </span>
     <span class='ocr_line' id='line_1_23' title="bbox 414 1315 975 1346; baseline -0.005 -1"><span class='ocrx_word' id='word_1_100' title='bbox 414 1323 561 1346; x_wconf 90' lang='lat' dir='ltr'>mortuum</span> <span class='ocrx_word' id='word_1_101' title='bbox 574 1317 761 1345; x_wconf 80' lang='lat' dir='ltr'>suscitaturus</span> <span class='ocrx_word' id='word_1_102' title='bbox 773 1316 898 1344; x_wconf 85' lang='lat' dir='ltr'>dormire</span> <span class='ocrx_word' id='word_1_103' title='bbox 909 1315 975 1342; x_wconf 90' lang='lat' dir='ltr'>dicit</span> 
     </span>
     <span class='ocr_line' id='line_1_24' title="bbox 416 1363 976 1402; baseline -0.005 -9"><span class='ocrx_word' id='word_1_104' title='bbox 416 1374 504 1402; x_wconf 91' lang='lat' dir='ltr'>quem</span> <span class='ocrx_word' id='word_1_105' title='bbox 516 1374 622 1401; x_wconf 83' lang='lat' dir='ltr'>magna</span> <span class='ocrx_word' id='word_1_106' title='bbox 632 1373 704 1392; x_wconf 89' lang='lat' dir='ltr'>uoce</span> <span class='ocrx_word' id='word_1_107' title='bbox 717 1363 872 1392; x_wconf 82' lang='lat' dir='ltr'>clamando</span> <span class='ocrx_word' id='word_1_108' title='bbox 882 1371 976 1390; x_wconf 87' lang='lat' dir='ltr'>resus-</span> 
     </span>
     <span class='ocr_line' id='line_1_25' title="bbox 416 1409 975 1446; baseline -0.007 -6"><span class='ocrx_word' id='word_1_109' title='bbox 416 1412 508 1440; x_wconf 87' lang='lat' dir='ltr'>citans</span> <span class='ocrx_word' id='word_1_110' title='bbox 524 1411 594 1439; x_wconf 91' lang='lat' dir='ltr'>solui</span> <span class='ocrx_word' id='word_1_111' title='bbox 611 1411 687 1438; x_wconf 92' lang='lat' dir='ltr'>iubet</span> <span class='ocrx_word' id='word_1_112' title='bbox 704 1416 731 1438; x_wconf 89' lang='lat' dir='ltr'>et</span> <span class='ocrx_word' id='word_1_113' title='bbox 747 1410 826 1438; x_wconf 86' lang='lat' dir='ltr'>abire</span> <span class='ocrx_word' id='word_1_114' title='bbox 846 1409 975 1446; x_wconf 89' lang='lat' dir='ltr'>plurimis</span> 
     </span>
     <span class='ocr_line' id='line_1_26' title="bbox 417 1457 781 1487; baseline -0.005 0"><span class='ocrx_word' id='word_1_115' title='bbox 417 1459 598 1487; x_wconf 83' lang='lat' dir='ltr'>credentibus</span> <span class='ocrx_word' id='word_1_116' title='bbox 613 1467 647 1485; x_wconf 83' lang='lat' dir='ltr'>ex</span> <span class='ocrx_word' id='word_1_117' title='bbox 664 1457 781 1486; x_wconf 84' lang='lat' dir='ltr'>iudaeis.</span> 
     </span>
    </p>

    <p class='ocr_par' dir='ltr' id='par_1_7' title="bbox 377 1505 977 1825">
     <span class='ocr_line' id='line_1_27' title="bbox 377 1505 976 1534; baseline -0.005 0"><span class='ocrx_word' id='word_1_118' title='bbox 377 1506 488 1534; x_wconf 85' lang='lat' dir='ltr'>XXIX.</span> <span class='ocrx_word' id='word_1_119' title='bbox 510 1505 666 1534; x_wconf 84' lang='lat' dir='ltr'>Pontifices</span> <span class='ocrx_word' id='word_1_120' title='bbox 678 1505 816 1533; x_wconf 85' lang='lat' dir='ltr'>aduersus</span> <span class='ocrx_word' id='word_1_121' title='bbox 828 1513 894 1532; x_wconf 88' lang='lat' dir='ltr'>eum</span> <span class='ocrx_word' id='word_1_122' title='bbox 907 1513 976 1532; x_wconf 87' lang='lat' dir='ltr'>con-</span> 
     </span>
     <span class='ocr_line' id='line_1_28' title="bbox 417 1550 976 1589; baseline -0.005 -8"><span class='ocrx_word' id='word_1_123' title='bbox 417 1553 510 1581; x_wconf 87' lang='lat' dir='ltr'>silium</span> <span class='ocrx_word' id='word_1_124' title='bbox 540 1552 679 1589; x_wconf 83' lang='lat' dir='ltr'>colligunt</span> <span class='ocrx_word' id='word_1_125' title='bbox 708 1553 737 1579; x_wconf 90' lang='lat' dir='ltr'>in</span> <span class='ocrx_word' id='word_1_126' title='bbox 767 1561 826 1588; x_wconf 89' lang='lat' dir='ltr'>quo</span> <span class='ocrx_word' id='word_1_127' title='bbox 856 1550 976 1588; x_wconf 83' lang='lat' dir='ltr'>caiphas</span> 
     </span>
     <span class='ocr_line' id='line_1_29' title="bbox 417 1598 976 1636; baseline -0.005 -8"><span class='ocrx_word' id='word_1_128' title='bbox 417 1609 506 1628; x_wconf 90' lang='lat' dir='ltr'>unum</span> <span class='ocrx_word' id='word_1_129' title='bbox 537 1599 642 1628; x_wconf 82' lang='lat' dir='ltr'>debere</span> <span class='ocrx_word' id='word_1_130' title='bbox 673 1599 745 1627; x_wconf 86' lang='lat' dir='ltr'>mori</span> <span class='ocrx_word' id='word_1_131' title='bbox 777 1608 831 1636; x_wconf 89' lang='lat' dir='ltr'>pro</span> <span class='ocrx_word' id='word_1_132' title='bbox 865 1598 976 1635; x_wconf 87' lang='lat' dir='ltr'>populo</span> 
     </span>
     <span class='ocr_line' id='line_1_30' title="bbox 417 1645 976 1685; baseline -0.005 -10"><span class='ocrx_word' id='word_1_133' title='bbox 417 1647 597 1685; x_wconf 83' lang='lat' dir='ltr'>prophetizat</span> <span class='ocrx_word' id='word_1_134' title='bbox 607 1652 633 1675; x_wconf 87' lang='lat' dir='ltr'>et</span> <span class='ocrx_word' id='word_1_135' title='bbox 644 1651 710 1674; x_wconf 86' lang='lat' dir='ltr'>ante</span> <span class='ocrx_word' id='word_1_136' title='bbox 721 1655 770 1674; x_wconf 84' lang='lat' dir='ltr'>sex</span> <span class='ocrx_word' id='word_1_137' title='bbox 782 1645 843 1674; x_wconf 86' lang='lat' dir='ltr'>dies</span> <span class='ocrx_word' id='word_1_138' title='bbox 852 1645 976 1682; x_wconf 83' lang='lat' dir='ltr'>paschae</span> 
     </span>
     <span class='ocr_line' id='line_1_31' title="bbox 418 1692 977 1731; baseline -0.005 -9"><span class='ocrx_word' id='word_1_139' title='bbox 418 1698 546 1731; x_wconf 80' lang='lat' dir='ltr'>ungento</span> <span class='ocrx_word' id='word_1_140' title='bbox 561 1693 650 1730; x_wconf 88' lang='lat' dir='ltr'>pedes</span> <span class='ocrx_word' id='word_1_141' title='bbox 666 1693 776 1721; x_wconf 90' lang='lat' dir='ltr'>domini</span> <span class='ocrx_word' id='word_1_142' title='bbox 797 1692 977 1730; x_wconf 89' lang='lat' dir='ltr'>perfundun-</span> 
     </span>
     <span class='ocr_line' id='line_1_32' title="bbox 416 1739 977 1777; baseline -0.005 -8"><span class='ocrx_word' id='word_1_143' title='bbox 416 1747 461 1769; x_wconf 94' lang='lat' dir='ltr'>tur</span> <span class='ocrx_word' id='word_1_144' title='bbox 476 1741 511 1769; x_wconf 87' lang='lat' dir='ltr'>de</span> <span class='ocrx_word' id='word_1_145' title='bbox 527 1741 607 1769; x_wconf 90' lang='lat' dir='ltr'>cuius</span> <span class='ocrx_word' id='word_1_146' title='bbox 628 1740 720 1777; x_wconf 89' lang='lat' dir='ltr'>pretio</span> <span class='ocrx_word' id='word_1_147' title='bbox 741 1739 826 1767; x_wconf 88' lang='lat' dir='ltr'>iudae</span> <span class='ocrx_word' id='word_1_148' title='bbox 846 1747 977 1767; x_wconf 87' lang='lat' dir='ltr'>murmur</span> 
     </span>
     <span class='ocr_line' id='line_1_33' title="bbox 417 1788 551 1825; baseline -0.007 -9"><span class='ocrx_word' id='word_1_149' title='bbox 417 1788 551 1825; x_wconf 83' lang='lat' dir='ltr'>arguitur.</span> 
     </span>
    </p>

    <p class='ocr_par' dir='ltr' id='par_1_8' title="bbox 377 1833 977 1918">
     <span class='ocr_line' id='line_1_34' title="bbox 377 1833 977 1870; baseline -0.005 -7"><span class='ocrx_word' id='word_1_150' title='bbox 377 1835 472 1863; x_wconf 86' lang='lat' dir='ltr'>XXX.</span> <span class='ocrx_word' id='word_1_151' title='bbox 496 1835 598 1862; x_wconf 80' lang='lat' dir='ltr'>Turba</span> <span class='ocrx_word' id='word_1_152' title='bbox 617 1843 683 1862; x_wconf 90' lang='lat' dir='ltr'>curn</span> <span class='ocrx_word' id='word_1_153' title='bbox 706 1834 793 1861; x_wconf 82' lang='lat' dir='ltr'>ramis</span> <span class='ocrx_word' id='word_1_154' title='bbox 814 1833 977 1870; x_wconf 80' lang='lat' dir='ltr'>palmarum</span> 
     </span>
     <span class='ocr_line' id='line_1_35' title="bbox 418 1881 977 1918; baseline -0.004 -8"><span class='ocrx_word' id='word_1_155' title='bbox 418 1890 573 1910; x_wconf 90' lang='lat' dir='ltr'>occurrens</span> <span class='ocrx_word' id='word_1_156' title='bbox 584 1881 688 1909; x_wconf 86' lang='lat' dir='ltr'>clamat</span> <span class='ocrx_word' id='word_1_157' title='bbox 699 1890 810 1909; x_wconf 85' lang='lat' dir='ltr'>osanna</span> <span class='ocrx_word' id='word_1_158' title='bbox 836 1881 897 1918; x_wconf 89' lang='lat' dir='ltr'>ipse</span> <span class='ocrx_word' id='word_1_159' title='bbox 907 1889 977 1908; x_wconf 89' lang='lat' dir='ltr'>uero</span> 
     </span>
    </p>
   </div>
   <div class='ocr_carea' id='block_1_4' title="bbox 377 1987 977 2345">
    <p class='ocr_par' dir='ltr' id='par_1_9' title="bbox 409 1987 640 2011">
     <span class='ocr_line' id='line_1_36' title="bbox 409 1987 640 2011; baseline -0.009 0"><span class='ocrx_word' id='word_1_160' title='bbox 409 1988 489 2011; x_wconf 83' lang='lat' dir='ltr'>XXV.</span> <span class='ocrx_word' id='word_1_161' title='bbox 508 1987 593 2010; x_wconf 89' lang='lat' dir='ltr'>mondi</span> <span class='ocrx_word' id='word_1_162' title='bbox 607 1987 640 2009; x_wconf 88' lang='lat' dir='ltr'>H.</span> 
     </span>
    </p>

    <p class='ocr_par' dir='ltr' id='par_1_10' title="bbox 378 2018 976 2076">
     <span class='ocr_line' id='line_1_37' title="bbox 410 2018 976 2050; baseline -0.004 -7"><span class='ocrx_word' id='word_1_163' title='bbox 410 2020 505 2044; x_wconf 83' lang='lat' dir='ltr'>XXVI.</span> <span class='ocrx_word' id='word_1_164' title='bbox 524 2021 695 2050; x_wconf 66' lang='lat' dir='ltr'>inquit÷13er</span> <span class='ocrx_word' id='word_1_165' title='bbox 714 2019 790 2042; x_wconf 54' lang='lat' dir='ltr'>Harl.</span> <span class='ocrx_word' id='word_1_166' title='bbox 829 2018 976 2049; x_wconf 80' lang='lat' dir='ltr'>possiturum</span> 
     </span>
     <span class='ocr_line' id='line_1_38' title="bbox 378 2052 862 2076; baseline -0.004 0"><span class='ocrx_word' id='word_1_167' title='bbox 378 2054 411 2076; x_wconf 87' lang='lat' dir='ltr'>H.</span> <span class='ocrx_word' id='word_1_168' title='bbox 446 2054 520 2076; x_wconf 80' lang='lat' dir='ltr'>ouile</span> <span class='ocrx_word' id='word_1_169' title='bbox 532 2060 574 2076; x_wconf 78' lang='lat' dir='ltr'>sec.</span> <span class='ocrx_word' id='word_1_170' title='bbox 583 2055 632 2076; x_wconf 79' lang='lat' dir='ltr'>÷et</span> <span class='ocrx_word' id='word_1_171' title='bbox 646 2052 670 2074; x_wconf 89' lang='lat' dir='ltr'><strong>H</strong></span> <span class='ocrx_word' id='word_1_172' title='bbox 684 2052 761 2075; x_wconf 74' lang='lat' dir='ltr'>Harl.</span> <span class='ocrx_word' id='word_1_173' title='bbox 779 2052 862 2075; x_wconf 78' lang='lat' dir='ltr'>Thom.</span> 
     </span>
    </p>

    <p class='ocr_par' dir='ltr' id='par_1_11' title="bbox 377 2084 976 2142">
     <span class='ocr_line' id='line_1_39' title="bbox 410 2084 976 2111; baseline -0.005 -2"><span class='ocrx_word' id='word_1_174' title='bbox 410 2086 518 2109; x_wconf 81' lang='lat' dir='ltr'>XXVII.</span> <span class='ocrx_word' id='word_1_175' title='bbox 532 2085 740 2111; x_wconf 77' lang='lat' dir='ltr'>hierosolimisH:</span> <span class='ocrx_word' id='word_1_176' title='bbox 756 2092 773 2108; x_wconf 70' lang='lat' dir='ltr'>-t—</span> <span class='ocrx_word' id='word_1_177' title='bbox 781 2088 804 2107; x_wconf 90' lang='lat' dir='ltr'>et</span> <span class='ocrx_word' id='word_1_178' title='bbox 810 2085 884 2107; x_wconf 76' lang='lat' dir='ltr'>Harl.</span> <span class='ocrx_word' id='word_1_179' title='bbox 892 2084 976 2107; x_wconf 78' lang='lat' dir='ltr'>lem.</span> 
     </span>
     <span class='ocr_line' id='line_1_40' title="bbox 377 2118 801 2142; baseline -0.002 -1"><span class='ocrx_word' id='word_1_180' title='bbox 377 2118 485 2141; x_wconf 80' lang='lat' dir='ltr'>farisaeis</span> <span class='ocrx_word' id='word_1_181' title='bbox 499 2119 532 2142; x_wconf 88' lang='lat' dir='ltr'>H.</span> <span class='ocrx_word' id='word_1_182' title='bbox 568 2118 712 2141; x_wconf 70' lang='lat' dir='ltr'>scitantibus</span> <span class='ocrx_word' id='word_1_183' title='bbox 725 2118 801 2140; x_wconf 79' lang='lat' dir='ltr'>Harl.</span> 
     </span>
    </p>

    <p class='ocr_par' dir='ltr' id='par_1_12' title="bbox 378 2149 977 2247">
     <span class='ocr_line' id='line_1_41' title="bbox 410 2149 976 2181; baseline -0.004 -7"><span class='ocrx_word' id='word_1_184' title='bbox 410 2151 533 2174; x_wconf 84' lang='lat' dir='ltr'>XXVIII.</span> <span class='ocrx_word' id='word_1_185' title='bbox 564 2150 752 2181; x_wconf 80' lang='lat' dir='ltr'>quatriduanum</span> <span class='ocrx_word' id='word_1_186' title='bbox 782 2150 858 2173; x_wconf 78' lang='lat' dir='ltr'>Harl.</span> <span class='ocrx_word' id='word_1_187' title='bbox 893 2149 976 2173; x_wconf 79' lang='lat' dir='ltr'>Tlmm.</span> 
     </span>
     <span class='ocr_line' id='line_1_42' title="bbox 378 2182 977 2211; baseline -0.005 -4"><span class='ocrx_word' id='word_1_188' title='bbox 378 2186 466 2207; x_wconf 86' lang='lat' dir='ltr'>solui:</span> <span class='ocrx_word' id='word_1_189' title='bbox 486 2183 559 2207; x_wconf 87' lang='lat' dir='ltr'>soluit</span> <span class='ocrx_word' id='word_1_190' title='bbox 579 2183 613 2211; x_wconf 79' lang='lat' dir='ltr'>H,</span> <span class='ocrx_word' id='word_1_191' title='bbox 632 2183 700 2206; x_wconf 87' lang='lat' dir='ltr'>uolui</span> <span class='ocrx_word' id='word_1_192' title='bbox 719 2183 749 2205; x_wconf 78' lang='lat' dir='ltr'>Y.</span> <span class='ocrx_word' id='word_1_193' title='bbox 793 2182 977 2209; x_wconf 81' lang='lat' dir='ltr'>&gt;credentibus</span> 
     </span>
     <span class='ocr_line' id='line_1_43' title="bbox 378 2216 599 2247; baseline 0 -8"><span class='ocrx_word' id='word_1_194' title='bbox 378 2217 489 2247; x_wconf 83' lang='lat' dir='ltr'>plurimis</span> <span class='ocrx_word' id='word_1_195' title='bbox 506 2216 599 2240; x_wconf 81' lang='lat' dir='ltr'>Harl.*</span> 
     </span>
    </p>

    <p class='ocr_par' dir='ltr' id='par_1_13' title="bbox 378 2247 977 2345">
     <span class='ocr_line' id='line_1_44' title="bbox 411 2247 975 2276; baseline -0.004 -4"><span class='ocrx_word' id='word_1_196' title='bbox 411 2249 507 2272; x_wconf 86' lang='lat' dir='ltr'>XXIX.</span> <span class='ocrx_word' id='word_1_197' title='bbox 526 2248 657 2272; x_wconf 85' lang='lat' dir='ltr'>concilium</span> <span class='ocrx_word' id='word_1_198' title='bbox 682 2248 711 2271; x_wconf 85' lang='lat' dir='ltr'>Y.</span> <span class='ocrx_word' id='word_1_199' title='bbox 747 2256 817 2276; x_wconf 85' lang='lat' dir='ltr'>quo:</span> <span class='ocrx_word' id='word_1_200' title='bbox 845 2256 874 2271; x_wconf 78' lang='lat' dir='ltr'>co</span> <span class='ocrx_word' id='word_1_201' title='bbox 899 2247 975 2271; x_wconf 69' lang='lat' dir='ltr'>Harl.</span> 
     </span>
     <span class='ocr_line' id='line_1_45' title="bbox 378 2281 977 2313; baseline -0.003 -8"><span class='ocrx_word' id='word_1_202' title='bbox 378 2282 495 2313; x_wconf 79' lang='lat' dir='ltr'>caiaphas</span> <span class='ocrx_word' id='word_1_203' title='bbox 517 2282 547 2305; x_wconf 79' lang='lat' dir='ltr'>V.</span> <span class='ocrx_word' id='word_1_204' title='bbox 583 2281 673 2312; x_wconf 84' lang='lat' dir='ltr'>pasche</span> <span class='ocrx_word' id='word_1_205' title='bbox 695 2281 718 2303; x_wconf 94' lang='lat' dir='ltr'><strong>H</strong></span> <span class='ocrx_word' id='word_1_206' title='bbox 742 2281 819 2304; x_wconf 77' lang='lat' dir='ltr'>Harl.</span> <span class='ocrx_word' id='word_1_207' title='bbox 854 2284 977 2311; x_wconf 82' lang='lat' dir='ltr'>unguento</span> 
     </span>
     <span class='ocr_line' id='line_1_46' title="bbox 380 2313 758 2345; baseline -0.005 -7"><span class='ocrx_word' id='word_1_208' title='bbox 380 2315 454 2338; x_wconf 82' lang='lat' dir='ltr'>Harl.</span> <span class='ocrx_word' id='word_1_209' title='bbox 475 2315 556 2338; x_wconf 80' lang='lat' dir='ltr'>Tlmm.</span> <span class='ocrx_word' id='word_1_210' title='bbox 595 2314 687 2345; x_wconf 77' lang='lat' dir='ltr'>praetio</span> <span class='ocrx_word' id='word_1_211' title='bbox 701 2313 758 2336; x_wconf 79' lang='lat' dir='ltr'>HV.</span> 
     </span>
    </p>
   </div>
   <div class='ocr_carea' id='block_1_5' title="bbox 999 884 1006 2647">
    <p class='ocr_par' dir='ltr' id='par_1_14' title="bbox 999 884 1006 2647">
     <span class='ocr_line' id='line_1_47' title="bbox 999 884 1006 2647; baseline 0 0"><span class='ocrx_word' id='word_1_212' title='bbox 999 884 1006 2647; x_wconf 95' lang='lat' dir='ltr'> </span> 
     </span>
    </p>
   </div>
   <div class='ocr_carea' id='block_1_6' title="bbox 853 242 1508 273">
    <p class='ocr_par' dir='ltr' id='par_1_15' title="bbox 853 242 1508 273">
     <span class='ocr_line' id='line_1_48' title="bbox 853 242 1508 273; baseline -0.002 0"><span class='ocrx_word' id='word_1_213' title='bbox 853 245 905 273; x_wconf 82' lang='lat' dir='ltr'>CA</span> <span class='ocrx_word' id='word_1_214' title='bbox 913 243 1080 272; x_wconf 76' lang='lat' dir='ltr'><em>PJTULA</em></span> <span class='ocrx_word' id='word_1_215' title='bbox 1108 243 1167 272; x_wconf 94' lang='lat' dir='ltr'>IN</span> <span class='ocrx_word' id='word_1_216' title='bbox 1187 242 1508 272; x_wconf 76' lang='lat' dir='ltr'><em>EUANGELJUM</em></span> 
     </span>
    </p>
   </div>
   <div class='ocr_carea' id='block_1_7' title="bbox 1070 326 1477 449">
    <p class='ocr_par' dir='ltr' id='par_1_16' title="bbox 1070 326 1477 449">
     <span class='ocr_line' id='line_1_49' title="bbox 1105 326 1405 357; baseline -0.003 -6"><span class='ocrx_word' id='word_1_217' title='bbox 1105 326 1405 357; x_wconf 53' lang='lat' dir='ltr'>ffCfflQhreucsffiTX.</span> 
     </span>
     <span class='ocr_line' id='line_1_50' title="bbox 1070 373 1477 402; baseline 0 0"><span class='ocrx_word' id='word_1_218' title='bbox 1070 373 1199 402; x_wconf 87' lang='lat' dir='ltr'>Caecum</span> <span class='ocrx_word' id='word_1_219' title='bbox 1248 383 1282 401; x_wconf 86' lang='lat' dir='ltr'>ex</span> <span class='ocrx_word' id='word_1_220' title='bbox 1333 374 1477 402; x_wconf 83' lang='lat' dir='ltr'>natiuitate</span> 
     </span>
     <span class='ocr_line' id='line_1_51' title="bbox 1110 426 1198 449; baseline 0.011 -1"><span class='ocrx_word' id='word_1_221' title='bbox 1110 426 1198 449; x_wconf 85' lang='lat' dir='ltr'>curat.</span> 
     </span>
    </p>
   </div>
   <div class='ocr_carea' id='block_1_8' title="bbox 1069 659 1476 688">
    <p class='ocr_par' dir='ltr' id='par_1_17' title="bbox 1069 659 1476 688">
     <span class='ocr_line' id='line_1_52' title="bbox 1069 659 1476 688; baseline 0.002 -1"><span class='ocrx_word' id='word_1_222' title='bbox 1069 660 1168 688; x_wconf 92' lang='lat' dir='ltr'>VIIII.</span> <span class='ocrx_word' id='word_1_223' title='bbox 1194 659 1237 687; x_wconf 93' lang='lat' dir='ltr'>De</span> <span class='ocrx_word' id='word_1_224' title='bbox 1249 660 1334 687; x_wconf 89' lang='lat' dir='ltr'>ianua</span> <span class='ocrx_word' id='word_1_225' title='bbox 1344 664 1372 688; x_wconf 87' lang='lat' dir='ltr'>et</span> <span class='ocrx_word' id='word_1_226' title='bbox 1381 659 1476 688; x_wconf 90' lang='lat' dir='ltr'>houili.</span> 
     </span>
    </p>
   </div>
   <div class='ocr_carea' id='block_1_9' title="bbox 1070 1037 1478 1205">
    <p class='ocr_par' dir='ltr' id='par_1_18' title="bbox 1070 1037 1478 1205">
     <span class='ocr_line' id='line_1_53' title="bbox 1070 1037 1476 1065; baseline 0 -1"><span class='ocrx_word' id='word_1_227' title='bbox 1070 1037 1123 1064; x_wconf 86' lang='lat' dir='ltr'>Per</span> <span class='ocrx_word' id='word_1_228' title='bbox 1143 1037 1355 1065; x_wconf 76' lang='lat' dir='ltr'>dedicationem</span> <span class='ocrx_word' id='word_1_229' title='bbox 1376 1038 1476 1065; x_wconf 86' lang='lat' dir='ltr'>ambu-</span> 
     </span>
     <span class='ocr_line' id='line_1_54' title="bbox 1109 1084 1478 1121; baseline 0.003 -10"><span class='ocrx_word' id='word_1_230' title='bbox 1109 1084 1171 1112; x_wconf 82' lang='lat' dir='ltr'>lans</span> <span class='ocrx_word' id='word_1_231' title='bbox 1200 1085 1229 1111; x_wconf 93' lang='lat' dir='ltr'>in</span> <span class='ocrx_word' id='word_1_232' title='bbox 1260 1085 1366 1121; x_wconf 88' lang='lat' dir='ltr'>templo</span> <span class='ocrx_word' id='word_1_233' title='bbox 1393 1094 1423 1112; x_wconf 88' lang='lat' dir='ltr'>se</span> <span class='ocrx_word' id='word_1_234' title='bbox 1451 1089 1478 1112; x_wconf 89' lang='lat' dir='ltr'>et</span> 
     </span>
     <span class='ocr_line' id='line_1_55' title="bbox 1109 1130 1477 1166; baseline 0 -9"><span class='ocrx_word' id='word_1_235' title='bbox 1109 1135 1220 1166; x_wconf 87' lang='lat' dir='ltr'>patrem</span> <span class='ocrx_word' id='word_1_236' title='bbox 1250 1130 1361 1158; x_wconf 88' lang='lat' dir='ltr'>hunum</span> <span class='ocrx_word' id='word_1_237' title='bbox 1397 1139 1477 1158; x_wconf 84' lang='lat' dir='ltr'>aesse</span> 
     </span>
     <span class='ocr_line' id='line_1_56' title="bbox 1110 1177 1183 1205; baseline -0.014 -1"><span class='ocrx_word' id='word_1_238' title='bbox 1110 1177 1183 1205; x_wconf 90' lang='lat' dir='ltr'>dicit.</span> 
     </span>
    </p>
   </div>
   <div class='ocr_carea' id='block_1_10' title="bbox 1069 1270 1464 1299">
    <p class='ocr_par' dir='ltr' id='par_1_19' title="bbox 1069 1270 1464 1299">
     <span class='ocr_line' id='line_1_57' title="bbox 1069 1270 1464 1299; baseline -0.003 -1"><span class='ocrx_word' id='word_1_239' title='bbox 1069 1270 1113 1298; x_wconf 91' lang='lat' dir='ltr'>De</span> <span class='ocrx_word' id='word_1_240' title='bbox 1130 1271 1231 1299; x_wconf 84' lang='lat' dir='ltr'>Lazari</span> <span class='ocrx_word' id='word_1_241' title='bbox 1248 1272 1464 1299; x_wconf 74' lang='lat' dir='ltr'>resurrectione.</span> 
     </span>
    </p>
   </div>
   <div class='ocr_carea' id='block_1_11' title="bbox 1029 1649 1480 1777">
    <p class='ocr_par' dir='ltr' id='par_1_20' title="bbox 1029 1649 1480 1777">
     <span class='ocr_line' id='line_1_58' title="bbox 1029 1649 1479 1682; baseline 0.002 -7"><span class='ocrx_word' id='word_1_242' title='bbox 1029 1650 1070 1676; x_wconf 91' lang='lat' dir='ltr'>X.</span> <span class='ocrx_word' id='word_1_243' title='bbox 1088 1649 1196 1676; x_wconf 76' lang='lat' dir='ltr'>Maria</span> <span class='ocrx_word' id='word_1_244' title='bbox 1206 1650 1308 1682; x_wconf 82' lang='lat' dir='ltr'>pedes</span> <span class='ocrx_word' id='word_1_245' title='bbox 1319 1650 1385 1676; x_wconf 81' lang='lat' dir='ltr'>Ih1‘1</span> <span class='ocrx_word' id='word_1_246' title='bbox 1396 1650 1479 1676; x_wconf 89' lang='lat' dir='ltr'>hun-</span> 
     </span>
     <span class='ocr_line' id='line_1_59' title="bbox 1111 1696 1480 1730; baseline 0 -7"><span class='ocrx_word' id='word_1_247' title='bbox 1111 1696 1184 1729; x_wconf 77' lang='lat' dir='ltr'>gm‘t</span> <span class='ocrx_word' id='word_1_248' title='bbox 1196 1699 1250 1723; x_wconf 82' lang='lat' dir='ltr'>aet</span> <span class='ocrx_word' id='word_1_249' title='bbox 1262 1697 1394 1730; x_wconf 80' lang='lat' dir='ltr'>eapilhs</span> <span class='ocrx_word' id='word_1_250' title='bbox 1409 1697 1480 1724; x_wconf 83' lang='lat' dir='ltr'>suis</span> 
     </span>
     <span class='ocr_line' id='line_1_60' title="bbox 1111 1744 1268 1777; baseline 0 -7"><span class='ocrx_word' id='word_1_251' title='bbox 1111 1744 1268 1777; x_wconf 78' lang='lat' dir='ltr'>extergit.</span> 
     </span>
    </p>
   </div>
   <div class='ocr_carea' id='block_1_12' title="bbox 1070 1837 1464 1874">
    <p class='ocr_par' dir='ltr' id='par_1_21' title="bbox 1070 1837 1464 1874">
     <span class='ocr_line' id='line_1_61' title="bbox 1070 1837 1464 1874; baseline 0 -9"><span class='ocrx_word' id='word_1_252' title='bbox 1070 1837 1118 1865; x_wconf 83' lang='lat' dir='ltr'>Ihs</span> <span class='ocrx_word' id='word_1_253' title='bbox 1135 1846 1220 1874; x_wconf 85' lang='lat' dir='ltr'>super</span> <span class='ocrx_word' id='word_1_254' title='bbox 1235 1837 1368 1866; x_wconf 86' lang='lat' dir='ltr'>hasinum</span> <span class='ocrx_word' id='word_1_255' title='bbox 1384 1837 1464 1865; x_wconf 83' lang='lat' dir='ltr'>sedit.</span> 
     </span>
    </p>
   </div>
   <div class='ocr_carea' id='block_1_13' title="bbox 1028 1982 1478 2203">
    <p class='ocr_par' dir='ltr' id='par_1_22' title="bbox 1064 1982 1478 2007">
     <span class='ocr_line' id='line_1_62' title="bbox 1064 1982 1478 2007; baseline 0 -1"><span class='ocrx_word' id='word_1_256' title='bbox 1064 1983 1136 2007; x_wconf 91' lang='lat' dir='ltr'>VIII.</span> <span class='ocrx_word' id='word_1_257' title='bbox 1154 1991 1202 2006; x_wconf 84' lang='lat' dir='ltr'>ex:</span> <span class='ocrx_word' id='word_1_258' title='bbox 1223 1992 1236 2006; x_wconf 80' lang='lat' dir='ltr'>a</span> <span class='ocrx_word' id='word_1_259' title='bbox 1245 1982 1271 2005; x_wconf 78' lang='lat' dir='ltr'>I*</span> <span class='ocrx_word' id='word_1_260' title='bbox 1279 1983 1311 2006; x_wconf 87' lang='lat' dir='ltr'>X.</span> <span class='ocrx_word' id='word_1_261' title='bbox 1346 1983 1439 2006; x_wconf 83' lang='lat' dir='ltr'>curauit</span> <span class='ocrx_word' id='word_1_262' title='bbox 1452 1983 1478 2004; x_wconf 79' lang='lat' dir='ltr'>J.</span> 
     </span>
    </p>

    <p class='ocr_par' dir='ltr' id='par_1_23' title="bbox 1028 2014 1478 2137">
     <span class='ocr_line' id='line_1_63' title="bbox 1063 2014 1478 2041; baseline -0.002 -2"><span class='ocrx_word' id='word_1_263' title='bbox 1063 2016 1148 2039; x_wconf 86' lang='lat' dir='ltr'>VIIII.</span> <span class='ocrx_word' id='word_1_264' title='bbox 1169 2019 1197 2039; x_wconf 71' lang='lat' dir='ltr'>et</span> <span class='ocrx_word' id='word_1_265' title='bbox 1206 2017 1311 2039; x_wconf 84' lang='lat' dir='ltr'>houili:</span> <span class='ocrx_word' id='word_1_266' title='bbox 1326 2014 1478 2041; x_wconf 79' lang='lat' dir='ltr'>ouilisJO*;</span> 
     </span>
     <span class='ocr_line' id='line_1_64' title="bbox 1028 2049 1478 2076; baseline -0.002 -4"><span class='ocrx_word' id='word_1_267' title='bbox 1028 2056 1073 2072; x_wconf 85' lang='lat' dir='ltr'>om.</span> <span class='ocrx_word' id='word_1_268' title='bbox 1088 2052 1116 2072; x_wconf 79' lang='lat' dir='ltr'>et</span> <span class='ocrx_word' id='word_1_269' title='bbox 1128 2049 1159 2072; x_wconf 87' lang='grc' dir='ltr'>Θ.</span> <span class='ocrx_word' id='word_1_270' title='bbox 1190 2056 1239 2076; x_wconf 84' lang='lat' dir='ltr'>per</span> <span class='ocrx_word' id='word_1_271' title='bbox 1255 2050 1478 2072; x_wconf 72' lang='lat' dir='ltr'>dedicationem:</span> 
     </span>
     <span class='ocr_line' id='line_1_65' title="bbox 1029 2080 1477 2112; baseline -0.002 -8"><span class='ocrx_word' id='word_1_272' title='bbox 1029 2081 1221 2112; x_wconf 82' lang='lat' dir='ltr'>predicationem</span> <span class='ocrx_word' id='word_1_273' title='bbox 1228 2080 1477 2112; x_wconf 54' lang='lat' dir='ltr'>O*(sedso›·rectumi.</span> 
     </span>
     <span class='ocr_line' id='line_1_66' title="bbox 1029 2114 1346 2137; baseline 0 0"><span class='ocrx_word' id='word_1_274' title='bbox 1029 2114 1189 2137; x_wconf 82' lang='lat' dir='ltr'>deambulans</span> <span class='ocrx_word' id='word_1_275' title='bbox 1202 2114 1346 2137; x_wconf 64' lang='lat' dir='ltr'>ffoeLJOX,</span> 
     </span>
    </p>

    <p class='ocr_par' dir='ltr' id='par_1_24' title="bbox 1029 2146 1478 2203">
     <span class='ocr_line' id='line_1_67' title="bbox 1062 2146 1478 2174; baseline 0 -5"><span class='ocrx_word' id='word_1_276' title='bbox 1062 2147 1094 2170; x_wconf 89' lang='lat' dir='ltr'>X.</span> <span class='ocrx_word' id='word_1_277' title='bbox 1113 2147 1181 2170; x_wconf 88' lang='lat' dir='ltr'>unxit</span> <span class='ocrx_word' id='word_1_278' title='bbox 1194 2147 1232 2174; x_wconf 83' lang='lat' dir='ltr'>X;</span> <span class='ocrx_word' id='word_1_279' title='bbox 1250 2146 1337 2170; x_wconf 65' lang='lat' dir='ltr'>deinde</span> <span class='ocrx_word' id='word_1_280' title='bbox 1351 2155 1395 2170; x_wconf 84' lang='lat' dir='ltr'>om.</span> <span class='ocrx_word' id='word_1_281' title='bbox 1410 2150 1433 2170; x_wconf 87' lang='lat' dir='ltr'>et</span> <span class='ocrx_word' id='word_1_282' title='bbox 1447 2148 1478 2169; x_wconf 78' lang='lat' dir='ltr'>O.</span> 
     </span>
     <span class='ocr_line' id='line_1_68' title="bbox 1029 2179 1346 2203; baseline -0.003 0"><span class='ocrx_word' id='word_1_283' title='bbox 1029 2180 1128 2203; x_wconf 76' lang='lat' dir='ltr'>extersit</span> <span class='ocrx_word' id='word_1_284' title='bbox 1141 2180 1167 2203; x_wconf 86' lang='lat' dir='ltr'>J.</span> <span class='ocrx_word' id='word_1_285' title='bbox 1205 2179 1298 2203; x_wconf 78' lang='lat' dir='ltr'>asinam</span> <span class='ocrx_word' id='word_1_286' title='bbox 1311 2179 1346 2202; x_wconf 73' lang='lat' dir='ltr'>ff.</span> 
     </span>
    </p>
   </div>
   <div class='ocr_carea' id='block_1_14' title="bbox 1502 878 1505 1496">
    <p class='ocr_par' dir='ltr' id='par_1_25' title="bbox 1502 878 1505 1496">
     <span class='ocr_line' id='line_1_69' title="bbox 1502 878 1505 1496; baseline 0 0"><span class='ocrx_word' id='word_1_287' title='bbox 1502 878 1505 1496; x_wconf 95' lang='lat' dir='ltr'> </span> 
     </span>
    </p>
   </div>
   <div class='ocr_carea' id='block_1_15' title="bbox 1503 2053 1508 2651">
    <p class='ocr_par' dir='ltr' id='par_1_26' title="bbox 1503 2053 1508 2651">
     <span class='ocr_line' id='line_1_70' title="bbox 1503 2053 1508 2651; baseline 0 0"><span class='ocrx_word' id='word_1_288' title='bbox 1503 2053 1508 2651; x_wconf 95' lang='lat' dir='ltr'> </span> 
     </span>
    </p>
   </div>
   <div class='ocr_carea' id='block_1_16' title="bbox 1532 329 1978 404">
    <p class='ocr_par' dir='ltr' id='par_1_27' title="bbox 1532 329 1978 404">
     <span class='ocr_line' id='line_1_71' title="bbox 1537 329 1978 361; baseline 0.005 -9"><span class='ocrx_word' id='word_1_289' title='bbox 1537 329 1592 353; x_wconf 76' lang='lat' dir='ltr'>Uat.</span> <span class='ocrx_word' id='word_1_290' title='bbox 1600 329 1673 352; x_wconf 71' lang='lat' dir='ltr'>Alex.</span> <span class='ocrx_word' id='word_1_291' title='bbox 1682 330 1754 359; x_wconf 87' lang='lat'>14(=</span> <span class='ocrx_word' id='word_1_292' title='bbox 1766 330 1905 361; x_wconf 70' lang='lat' dir='ltr'>le0m.I.p.</span> <span class='ocrx_word' id='word_1_293' title='bbox 1913 333 1978 360; x_wconf 61' lang='lat'>544).</span> 
     </span>
     <span class='ocr_line' id='line_1_72' title="bbox 1532 375 1958 404; baseline 0.005 -2"><span class='ocrx_word' id='word_1_294' title='bbox 1532 375 1584 402; x_wconf 85' lang='lat' dir='ltr'>IX.</span> <span class='ocrx_word' id='word_1_295' title='bbox 1608 375 1652 403; x_wconf 91' lang='lat' dir='ltr'>De</span> <span class='ocrx_word' id='word_1_296' title='bbox 1667 384 1756 404; x_wconf 85' lang='lat' dir='ltr'>caeco</span> <span class='ocrx_word' id='word_1_297' title='bbox 1771 385 1788 404; x_wconf 89' lang='lat' dir='ltr'>a</span> <span class='ocrx_word' id='word_1_298' title='bbox 1804 376 1958 404; x_wconf 86' lang='lat' dir='ltr'>natiuitate.</span> 
     </span>
    </p>
   </div>
   <div class='ocr_carea' id='block_1_17' title="bbox 1530 661 1978 794">
    <p class='ocr_par' dir='ltr' id='par_1_28' title="bbox 1530 661 1978 794">
     <span class='ocr_line' id='line_1_73' title="bbox 1531 661 1967 700; baseline 0.005 -12"><span class='ocrx_word' id='word_1_299' title='bbox 1531 661 1577 689; x_wconf 91' lang='lat' dir='ltr'>De</span> <span class='ocrx_word' id='word_1_300' title='bbox 1595 662 1689 696; x_wconf 88' lang='lat' dir='ltr'>ianua,</span> <span class='ocrx_word' id='word_1_301' title='bbox 1706 662 1782 697; x_wconf 83' lang='lat' dir='ltr'>ouili,</span> <span class='ocrx_word' id='word_1_302' title='bbox 1801 667 1828 690; x_wconf 86' lang='lat' dir='ltr'>et</span> <span class='ocrx_word' id='word_1_303' title='bbox 1843 668 1967 700; x_wconf 87' lang='lat' dir='ltr'>pastore.</span> 
     </span>
     <span class='ocr_line' id='line_1_74' title="bbox 1530 709 1978 746; baseline 0.004 -10"><span class='ocrx_word' id='word_1_304' title='bbox 1530 709 1567 736; x_wconf 91' lang='lat' dir='ltr'>Et</span> <span class='ocrx_word' id='word_1_305' title='bbox 1580 709 1614 737; x_wconf 89' lang='lat' dir='ltr'>de</span> <span class='ocrx_word' id='word_1_306' title='bbox 1631 714 1771 746; x_wconf 83' lang='lat' dir='ltr'>potestate</span> <span class='ocrx_word' id='word_1_307' title='bbox 1783 710 1896 738; x_wconf 88' lang='lat' dir='ltr'>animae</span> <span class='ocrx_word' id='word_1_308' title='bbox 1910 720 1978 738; x_wconf 83' lang='lat' dir='ltr'>suae</span> 
     </span>
     <span class='ocr_line' id='line_1_75' title="bbox 1572 756 1978 794; baseline 0.002 -11"><span class='ocrx_word' id='word_1_309' title='bbox 1572 756 1768 793; x_wconf 83' lang='lat' dir='ltr'>ponendieam</span> <span class='ocrx_word' id='word_1_310' title='bbox 1775 762 1802 785; x_wconf 89' lang='lat' dir='ltr'>et</span> <span class='ocrx_word' id='word_1_311' title='bbox 1812 758 1978 794; x_wconf 87' lang='lat' dir='ltr'>accipiendi.</span> 
     </span>
    </p>
   </div>
   <div class='ocr_carea' id='block_1_18' title="bbox 1531 1036 1979 1159">
    <p class='ocr_par' dir='ltr' id='par_1_29' title="bbox 1531 1036 1979 1159">
     <span class='ocr_line' id='line_1_76' title="bbox 1531 1036 1978 1065; baseline -0.002 -1"><span class='ocrx_word' id='word_1_312' title='bbox 1531 1037 1585 1064; x_wconf 86' lang='lat' dir='ltr'>Per</span> <span class='ocrx_word' id='word_1_313' title='bbox 1606 1037 1819 1065; x_wconf 83' lang='lat' dir='ltr'>dedicationem</span> <span class='ocrx_word' id='word_1_314' title='bbox 1840 1036 1978 1064; x_wconf 88' lang='lat' dir='ltr'>deambu-</span> 
     </span>
     <span class='ocr_line' id='line_1_77' title="bbox 1572 1084 1979 1121; baseline 0 -10"><span class='ocrx_word' id='word_1_315' title='bbox 1572 1084 1634 1112; x_wconf 81' lang='lat' dir='ltr'>lans</span> <span class='ocrx_word' id='word_1_316' title='bbox 1654 1084 1683 1111; x_wconf 90' lang='lat' dir='ltr'>in</span> <span class='ocrx_word' id='word_1_317' title='bbox 1704 1084 1814 1121; x_wconf 87' lang='lat' dir='ltr'>templo</span> <span class='ocrx_word' id='word_1_318' title='bbox 1835 1093 1864 1111; x_wconf 90' lang='lat' dir='ltr'>se</span> <span class='ocrx_word' id='word_1_319' title='bbox 1883 1088 1911 1111; x_wconf 86' lang='lat' dir='ltr'>et</span> <span class='ocrx_word' id='word_1_320' title='bbox 1929 1092 1979 1120; x_wconf 88' lang='lat' dir='ltr'>pa-</span> 
     </span>
     <span class='ocr_line' id='line_1_78' title="bbox 1572 1130 1921 1159; baseline -0.003 -1"><span class='ocrx_word' id='word_1_321' title='bbox 1572 1136 1644 1158; x_wconf 89' lang='lat' dir='ltr'>trem</span> <span class='ocrx_word' id='word_1_322' title='bbox 1659 1140 1750 1159; x_wconf 88' lang='lat' dir='ltr'>unum</span> <span class='ocrx_word' id='word_1_323' title='bbox 1766 1140 1829 1159; x_wconf 87' lang='lat' dir='ltr'>esse</span> <span class='ocrx_word' id='word_1_324' title='bbox 1845 1130 1921 1158; x_wconf 91' lang='lat' dir='ltr'>dicit.</span> 
     </span>
    </p>
   </div>
   <div class='ocr_carea' id='block_1_19' title="bbox 1530 1272 1979 1395">
    <p class='ocr_par' dir='ltr' id='par_1_30' title="bbox 1530 1272 1979 1395">
     <span class='ocr_line' id='line_1_79' title="bbox 1530 1272 1979 1300; baseline -0.002 0"><span class='ocrx_word' id='word_1_325' title='bbox 1530 1272 1566 1300; x_wconf 83' lang='lat' dir='ltr'>Et</span> <span class='ocrx_word' id='word_1_326' title='bbox 1594 1272 1695 1300; x_wconf 83' lang='lat' dir='ltr'>Lazari</span> <span class='ocrx_word' id='word_1_327' title='bbox 1725 1272 1928 1300; x_wconf 85' lang='lat' dir='ltr'>dormitatione</span> <span class='ocrx_word' id='word_1_328' title='bbox 1952 1277 1979 1299; x_wconf 89' lang='lat' dir='ltr'>et</span> 
     </span>
     <span class='ocr_line' id='line_1_80' title="bbox 1572 1318 1979 1347; baseline -0.002 0"><span class='ocrx_word' id='word_1_329' title='bbox 1572 1319 1780 1347; x_wconf 85' lang='lat' dir='ltr'>resurrectione</span> <span class='ocrx_word' id='word_1_330' title='bbox 1809 1325 1836 1347; x_wconf 85' lang='lat' dir='ltr'>et</span> <span class='ocrx_word' id='word_1_331' title='bbox 1866 1318 1979 1347; x_wconf 88' lang='lat' dir='ltr'>Mariae</span> 
     </span>
     <span class='ocr_line' id='line_1_81' title="bbox 1571 1366 1778 1395; baseline -0.005 0"><span class='ocrx_word' id='word_1_332' title='bbox 1571 1366 1778 1395; x_wconf 82' lang='lat' dir='ltr'>consolatione.</span> 
     </span>
    </p>
   </div>
   <div class='ocr_carea' id='block_1_20' title="bbox 1531 1508 1982 1876">
    <p class='ocr_par' dir='ltr' id='par_1_31' title="bbox 1532 1508 1980 1631">
     <span class='ocr_line' id='line_1_82' title="bbox 1532 1508 1979 1546; baseline -0.007 -9"><span class='ocrx_word' id='word_1_333' title='bbox 1532 1509 1650 1546; x_wconf 83' lang='lat' dir='ltr'>Propter</span> <span class='ocrx_word' id='word_1_334' title='bbox 1666 1508 1745 1545; x_wconf 89' lang='lat' dir='ltr'>quod</span> <span class='ocrx_word' id='word_1_335' title='bbox 1761 1508 1888 1544; x_wconf 89' lang='lat' dir='ltr'>Caiphas</span> <span class='ocrx_word' id='word_1_336' title='bbox 1908 1516 1979 1535; x_wconf 90' lang='lat' dir='ltr'>con-</span> 
     </span>
     <span class='ocr_line' id='line_1_83' title="bbox 1572 1554 1980 1583; baseline -0.002 0"><span class='ocrx_word' id='word_1_337' title='bbox 1572 1556 1665 1583; x_wconf 85' lang='lat' dir='ltr'>silium</span> <span class='ocrx_word' id='word_1_338' title='bbox 1677 1555 1726 1583; x_wconf 90' lang='lat' dir='ltr'>dat</span> <span class='ocrx_word' id='word_1_339' title='bbox 1735 1554 1850 1582; x_wconf 83' lang='lat' dir='ltr'>Iudaeis</span> <span class='ocrx_word' id='word_1_340' title='bbox 1859 1559 1889 1582; x_wconf 88' lang='lat' dir='ltr'>ut</span> <span class='ocrx_word' id='word_1_341' title='bbox 1900 1554 1980 1582; x_wconf 86' lang='lat' dir='ltr'>Iesus</span> 
     </span>
     <span class='ocr_line' id='line_1_84' title="bbox 1572 1603 1728 1631; baseline -0.013 0"><span class='ocrx_word' id='word_1_342' title='bbox 1572 1603 1728 1631; x_wconf 85' lang='lat' dir='ltr'>occidatur.</span> 
     </span>
    </p>

    <p class='ocr_par' dir='ltr' id='par_1_32' title="bbox 1531 1649 1982 1829">
     <span class='ocr_line' id='line_1_85' title="bbox 1531 1649 1982 1686; baseline -0.002 -9"><span class='ocrx_word' id='word_1_343' title='bbox 1531 1650 1566 1678; x_wconf 91' lang='lat' dir='ltr'>X.</span> <span class='ocrx_word' id='word_1_344' title='bbox 1592 1649 1685 1677; x_wconf 84' lang='lat' dir='ltr'>Maria</span> <span class='ocrx_word' id='word_1_345' title='bbox 1700 1649 1789 1686; x_wconf 85' lang='lat' dir='ltr'>pedes</span> <span class='ocrx_word' id='word_1_346' title='bbox 1802 1649 1867 1676; x_wconf 85' lang='lat' dir='ltr'>Iesu</span> <span class='ocrx_word' id='word_1_347' title='bbox 1879 1649 1982 1685; x_wconf 86' lang='lat' dir='ltr'>unguit</span> 
     </span>
     <span class='ocr_line' id='line_1_86' title="bbox 1572 1696 1980 1733; baseline -0.005 -8"><span class='ocrx_word' id='word_1_348' title='bbox 1572 1703 1600 1725; x_wconf 88' lang='lat' dir='ltr'>et</span> <span class='ocrx_word' id='word_1_349' title='bbox 1625 1696 1747 1733; x_wconf 81' lang='lat' dir='ltr'>extergit</span> <span class='ocrx_word' id='word_1_350' title='bbox 1773 1696 1881 1733; x_wconf 84' lang='lat' dir='ltr'>capillis</span> <span class='ocrx_word' id='word_1_351' title='bbox 1905 1696 1980 1729; x_wconf 86' lang='lat' dir='ltr'>suis;</span> 
     </span>
     <span class='ocr_line' id='line_1_87' title="bbox 1573 1742 1980 1772; baseline -0.002 -1"><span class='ocrx_word' id='word_1_352' title='bbox 1573 1744 1650 1772; x_wconf 90' lang='lat' dir='ltr'>unde</span> <span class='ocrx_word' id='word_1_353' title='bbox 1676 1749 1703 1771; x_wconf 90' lang='lat' dir='ltr'>et</span> <span class='ocrx_word' id='word_1_354' title='bbox 1727 1744 1761 1771; x_wconf 90' lang='lat' dir='ltr'>de</span> <span class='ocrx_word' id='word_1_355' title='bbox 1785 1752 1855 1771; x_wconf 87' lang='lat' dir='ltr'>nece</span> <span class='ocrx_word' id='word_1_356' title='bbox 1878 1742 1980 1770; x_wconf 89' lang='lat' dir='ltr'>Lazari</span> 
     </span>
     <span class='ocr_line' id='line_1_88' title="bbox 1573 1791 1938 1829; baseline -0.005 -10"><span class='ocrx_word' id='word_1_357' title='bbox 1573 1791 1716 1829; x_wconf 82' lang='lat' dir='ltr'>principes</span> <span class='ocrx_word' id='word_1_358' title='bbox 1732 1791 1938 1827; x_wconf 82' lang='lat' dir='ltr'>cogitauerunt.</span> 
     </span>
    </p>

    <p class='ocr_par' dir='ltr' id='par_1_33' title="bbox 1533 1837 1942 1876">
     <span class='ocr_line' id='line_1_89' title="bbox 1533 1837 1942 1876; baseline -0.005 -9"><span class='ocrx_word' id='word_1_359' title='bbox 1533 1839 1612 1868; x_wconf 89' lang='lat' dir='ltr'>Iesus</span> <span class='ocrx_word' id='word_1_360' title='bbox 1628 1847 1714 1876; x_wconf 88' lang='lat' dir='ltr'>supra</span> <span class='ocrx_word' id='word_1_361' title='bbox 1732 1838 1845 1866; x_wconf 89' lang='lat' dir='ltr'>asinum</span> <span class='ocrx_word' id='word_1_362' title='bbox 1861 1837 1942 1865; x_wconf 85' lang='lat' dir='ltr'>sedit.</span> 
     </span>
    </p>
   </div>
  </div>
 </body>
</html>
