2209 3147
382 333 552 364 D'ff'GQamz

220 379 299 408 LXI.
334 378 380 407 De
417 379 523 407 sacheo
560 377 716 415 puplicano

259 431 334 454 statu
350 426 481 454 minimo.

218 564 313 594 LXII.
336 566 439 594 Homo
455 565 536 594 diues
547 565 627 594 Abiit
642 565 716 594 acci-

257 622 326 650 pere
343 622 466 649 regnum
485 618 513 641 et
533 612 609 641 dedit
627 613 716 641 seruis

259 670 295 688 ·x·
311 668 403 688 mnas.

215 846 327 875 LXIII.
349 846 394 875 De
407 846 503 875 assina
514 852 541 875 et
553 846 632 884 pullo
648 847 715 875 dicit

256 893 300 921 ihs
323 893 352 921 Si
371 893 410 921 hii
430 894 570 922 tacuerint
588 893 714 931 Lapides

256 941 423 969 clamabunt

214 1080 252 1109 Et
274 1080 367 1109 Fleuit
389 1090 476 1118 super
497 1080 654 1109 Ierusalem
678 1081 713 1110 de

255 1128 366 1166 templo
381 1128 448 1157 iecit
463 1127 641 1157 Uendentes.

214 1318 341 1347 LXIIII.
377 1319 415 1348 Et
450 1320 637 1356 interrogauit
669 1320 713 1348 ihs

254 1366 431 1395 babtismum
464 1366 599 1395 iohannis
634 1367 712 1395 unde

255 1418 338 1442 esset.

214 1506 307 1537 LXV.
329 1507 388 1536 Ubi
414 1507 520 1536 Coloni
544 1508 713 1536 occiderunt

255 1554 325 1582 dfim
354 1554 450 1583 uiniae
473 1560 501 1583 et
526 1554 575 1583 dat
604 1555 712 1583 niniam

255 1601 315 1629 aliis
330 1602 439 1630 reddite
455 1602 559 1630 cessari
575 1611 630 1639 que
647 1607 713 1630 sunt

255 1648 377 1676 cessaris
393 1653 420 1676 et
436 1658 492 1686 que
507 1654 572 1677 sunt
588 1649 616 1677 di
631 1649 677 1677 de.

214 1923 323 1952 LXVI.
361 1924 477 1961 Septem
519 1925 619 1953 fratres
663 1927 712 1963 qui

254 1980 343 1999 unam
363 1981 483 1999 uxorem
504 1972 665 2000 habuerunt
685 1979 711 2001 et

255 2021 311 2054 xpc
325 2018 347 2046 si
360 2018 431 2046 filius
447 2019 534 2047 dauid
546 2019 710 2056 interrogat.

793 247 1055 277 SECUNDUM
1072 248 1100 275 L
1107 247 1189 277 UCA
1195 246 1244 276 M.

933 331 951 355 J
965 331 1105 362 (capitula).

770 375 849 403 LXI.
871 376 931 404 Ubi
949 376 1088 405 zacheum
1103 376 1227 405 uocauit.

769 563 864 591 LXII.
900 562 946 591 De
974 563 1092 591 homine
1121 563 1170 600 qui
1199 563 1268 592 abiit

809 610 940 647 accipere
952 619 1075 647 regnum
1087 615 1114 638 et
1126 610 1162 638 de
1177 610 1267 638 seruis

809 657 912 694 quibus
928 657 1033 685 dimisit
1047 658 1126 686 bona
1141 666 1200 685 sua.

768 843 879 871 LXIII.
919 844 978 872 Ubi
1016 844 1150 873 dominus
1190 844 1266 873 iesus

809 892 882 919 sedit
902 900 988 928 super
1004 891 1115 928 pullum
1136 896 1164 919 et
1183 891 1266 920 eiecit

808 938 843 965 de
858 938 969 975 templo
984 939 1152 967 uendentes.

767 1319 894 1348 LXIIII.
930 1320 988 1348 Ubi
1023 1321 1217 1358 interrogatus
1250 1330 1266 1349 a

807 1367 964 1404 pharisaeis
990 1368 1019 1395 in
1045 1377 1102 1405 qua
1124 1374 1266 1405 potestate

807 1420 835 1442 et
864 1415 967 1443 uirtute
996 1415 1103 1443 faceret
1133 1420 1161 1443 et
1197 1416 1266 1444 dicit

806 1461 976 1498 parabolam
1000 1462 1035 1489 de
1059 1462 1145 1490 uinea
1170 1462 1265 1490 locata

807 1513 834 1536 et
871 1508 983 1536 colonis
1012 1509 1060 1545 qui
1097 1509 1265 1537 occiderunt

807 1555 903 1582 filium.

766 1788 858 1817 LXV.
881 1789 926 1817 De
943 1790 1049 1818 tributo
1065 1795 1092 1818 et
1108 1790 1236 1819 denario.

765 1928 872 1957 LXVI.
896 1929 941 1957 De
961 1930 1080 1958 muIiere
1096 1939 1183 1968 quam
1200 1940 1264 1968 sep-

805 1982 863 2004 tem
879 1976 1042 2005 habuerunt
1056 1987 1187 2006 uxorem.

1757 257 1816 288 301

1383 331 1408 354 K
1416 331 1493 355 Harl.
1507 336 1570 362 2790
1582 332 1664 355 Nam.
1675 333 1763 356 Bamb.

1323 374 1386 404 LX.
1409 376 1454 405 De
1470 377 1577 405 zacheo
1593 377 1757 414 publicano.

1320 561 1399 590 LXI.
1421 562 1467 592 De
1483 562 1586 591 decem
1601 572 1694 592 mnas.

1319 851 1415 879 LXII.
1448 851 1494 879 De
1523 851 1603 889 pullo
1633 851 1731 880 asinae
1761 852 1820 880 dfio

1359 908 1434 936 opus
1459 904 1487 927 et
1513 899 1561 927 ubi
1586 899 1635 927 flet
1660 899 1765 927 ciuitati
1793 904 1821 927 et

1359 951 1489 974 ementes
1510 946 1727 983 uendentesque
1747 951 1820 974 tem-

1358 992 1407 1029 plo
1424 992 1545 1029 repellit.

1319 1325 1431 1355 LXIII.
1456 1326 1491 1354 In
1515 1336 1573 1364 qua
1598 1331 1740 1364 potestate
1766 1327 1820 1355 ista

1360 1373 1445 1402 faciat
1463 1383 1480 1401 a
1497 1374 1606 1402 iudaeis
1627 1374 1681 1402 dfis
1698 1374 1819 1402 interro-

1359 1425 1453 1457 gatus.

1317 1513 1445 1543 LXIIII.
1468 1514 1513 1543 De
1541 1516 1628 1543 uinea
1651 1520 1679 1543 et
1703 1515 1819 1544 cultori·

1358 1561 1420 1590 bus.

1318 1793 1412 1824 LXV.
1434 1794 1480 1823 De
1495 1794 1602 1824 tributo
1617 1796 1776 1833 temptatio.

1317 1935 1426 1963 LXVI.
1447 1935 1492 1964 De
1509 1936 1627 1964 muliere
1643 1941 1670 1964 et
1682 1936 1817 1965 fratribus

1358 1988 1477 2020 septem.

245 2184 327 2207 LXII.
346 2185 435 2206 seruis
444 2190 461 2207 4-
470 2184 519 2207 suis
532 2184 562 2207 G.

246 2216 343 2239 LXIII.
362 2216 391 2239 de
410 2224 511 2246 asynam
531 2221 554 2240 et
571 2217 668 2248 pullum
687 2222 711 2241 et

211 2257 270 2273 aur.
305 2249 366 2272 dixit
384 2249 461 2279 IPGQ
474 2257 530 2271 aur.
570 2250 711 2274 clamabant

213 2282 246 2305 D.
303 2285 332 2305 et
354 2283 434 2304 flem‘t
458 2282 506 2305 inc.
526 2282 651 2306 LXVIIII
674 2283 710 2306 ΞΡ.

212 2316 295 2337 ierus.
305 2321 321 2337 ÷
331 2317 354 2337 et
367 2314 390 2344 Q
398 2322 454 2337 aur.

246 2347 357 2370 LXIIII.
385 2354 431 2370 om.
456 2349 485 2370 et
509 2347 545 2370 ad
570 2347 627 2370 init.
651 2356 709 2372 aur.

212 2383 286 2404 esset
297 2388 302 2403 τ
322 2383 373 2403 erat
385 2379 438 2410 {PQ
445 2387 503 2404 aur.

244 2413 323 2435 LXV.
337 2412 395 2435 data
403 2416 438 2435 est
445 2412 517 2436 uinea
524 2420 582 2435 aur.
600 2415 710 2437 reddite

213 2445 261 2469 inc.
274 2445 359 2468 LXVI
372 2444 421 2475 GQ
428 2452 494 2474 aur„
504 2445 552 2468 inc.
562 2445 661 2468 LXXII
674 2446 709 2470 ΞΡ.

216 2481 314 2508 >quae
333 2485 391 2501 cess·
410 2481 465 2500 sunt
484 2478 571 2501 cessari
591 2478 643 2508 {PQ
652 2487 709 2502 aur.

211 2518 257 2534 om.
282 2513 309 2534 et
333 2518 374 2534 sec.
399 2510 434 2533 Ξ).
482 2514 509 2537 >
519 2510 557 2533 dei
580 2515 635 2534 sunt
659 2512 711 2542 ΞΩ

211 2551 268 2566 aur.

245 2575 337 2599 LXVI.
357 2582 373 2598 ÷
382 2575 413 2598 de
425 2575 459 2598 ad
469 2575 526 2598 z'nz't.
541 2575 629 2599 Gaur.
663 2584 709 2599 om.

212 2609 237 2631 si
245 2608 276 2638 Q.
311 2609 411 2631 dauid:
425 2608 451 2630 di
461 2608 495 2634 G;
515 2615 532 2631 4-
541 2609 587 2631 fuit
599 2609 709 2639 GQaur.

212 2642 367 2669 interrogat
379 2649 383 2664 :
402 2641 427 2664 in
440 2641 509 2664 terris
522 2641 552 2664 G.

1585 2693 1635 2717 SS
