2209 3147
206 255 250 277 xx.
268 247 377 290 19—25.]

171 344 195 363 1⁰
205 341 293 372 uenit
310 341 392 372 filius
414 342 554 373 hominis
579 343 780 373 manducans
806 347 837 373 ct
862 342 909 372 bi-

247 393 327 423 bens
344 399 377 424 et
393 394 507 424 dicunt

204 454 278 475 ecce
295 445 393 475 homo
411 456 515 476 uorax
531 450 563 475 et
581 450 713 486 potator
729 446 793 476 uini

203 496 449 536 publicanorum
466 501 497 527 et
514 501 723 537 peccatorum
741 498 864 528 amicus

203 552 236 578 et
252 548 426 579 iustificata
442 554 491 579 est
508 549 669 589 sapientia
685 559 704 579 a
721 548 794 579 filiis
811 550 886 579 suis.

166 594 295 622 ²⁰(103‘5)
320 600 413 631 Tunc
436 601 545 640 coepit
570 601 769 640 exprobrare
793 601 907 631 ciuita-

247 652 334 682 tibus
349 652 380 682 in
399 653 519 692 quibus
535 653 640 683 factae
656 657 731 682 sunt
749 652 908 693 plurimae

247 703 383 734 uirtutes
399 704 467 735 eius

204 755 279 794 quia
297 765 362 785 non
380 756 522 795 egissent
539 755 773 795 paenitentiam

169 815 193 834 21
204 817 265 837 uae
281 807 340 837 tibi
357 807 531 838 chorazain

204 869 264 888 uae
280 859 339 889 tibi
355 858 528 889 bethsaida

202 911 279 950 quia
301 910 327 941 si
347 911 379 940 in
394 916 470 950 tyro
491 916 523 941 et
545 911 659 941 sidone
680 911 784 941 factae
801 917 907 942 essent

247 962 383 992 uirtutes
400 973 484 1002 quae
500 963 604 993 factae
620 967 695 993 sunt
713 963 743 992 in
761 964 855 993 uobis

202 1014 281 1044 olim
306 1014 337 1044 in
361 1014 466 1045 cilicio
489 1020 521 1044 et
546 1014 652 1045 cinere
674 1015 907 1055 paenitentiam

246 1066 389 1106 egissent

511 249 598 277 EVA
606 249 832 279 NGELIUM
859 249 1122 279 SECUNDUM
1147 251 1214 280 MA
1225 251 1429 282 TTHEUM.
1674 252 1713 292 83

967 341 993 359 22
1004 353 1118 373 uerum
1135 348 1246 374 tamen
1264 344 1337 374 dico
1356 344 1450 374 uobis

1002 399 1078 434 tyro
1098 400 1130 425 et
1146 395 1252 425 sidoni
1277 396 1441 426 remissius
1459 395 1520 426 erit
1545 396 1577 425 in
1594 396 1645 426 die
1665 395 1712 426 iu-

1046 446 1121 476 dicii
1139 456 1239 486 quam
1257 447 1352 477 uobis

963 501 991 519 2³
1003 502 1035 527 et
1059 502 1094 528 tu
1119 498 1340 538 capharnaum
1365 499 1526 539 numquid
1551 509 1654 538 usque
1678 499 1711 529 in

1045 550 1171 580 caelum
1188 550 1409 581 exaltaberis?

1003 611 1106 640 usque
1123 602 1154 632 in
1172 602 1332 632 infernum
1347 603 1536 633 descendes.

1003 651 1063 675 (¹⁰0·
1072 652 1107 675 ¹⁰)
1122 653 1210 693 Quia
1223 654 1249 684 si
1261 654 1291 683 in
1303 655 1449 684 sodomis
1460 654 1565 685 factae
1576 654 1711 684 fuissent

1046 704 1182 735 uirtutes
1198 715 1283 744 quae
1299 705 1405 736 factae
1422 711 1497 736 sunt
1514 706 1545 735 in
1562 710 1595 736 te

1002 756 1084 786 forte
1101 757 1296 787 mansissent
1313 767 1417 797 usque
1437 757 1469 787 in
1486 757 1572 788 hunc
1589 758 1677 788 diem

964 804 993 822 ²4
1003 818 1116 838 uerum
1135 813 1245 839 tamen
1263 809 1337 839 dico
1354 809 1449 839 uobis

1002 860 1079 899 quia
1099 864 1205 891 terrae
1229 861 1442 891 sodomorum
1463 860 1627 891 remissius
1651 860 1711 891 erit

1046 912 1077 941 in
1095 912 1149 942 die
1166 912 1277 942 iudicii
1294 922 1394 951 quam
1411 912 1481 942 tibi.

964 963 992 980 ²5
1004 962 1062 986 (¹¹0¹
1075 963 1096 985 ⁵)
1122 964 1159 993 In
1176 963 1231 994 illo
1244 968 1395 1004 tempore
1409 965 1609 1004 respondens
1627 963 1711 994 iesus

1047 1015 1133 1046 dixit

1006 1067 1163 1097 confiteor
1179 1067 1239 1096 tibi
1256 1072 1349 1107 pater

203 1173 295 1202 habet.
325 1174 345 1189 ¹⁹
354 1175 434 1202 uenit
453 1180 550 1202 autem
573 1175 645 1202 filius
661 1174 794 1202 hominis.
824 1175 1004 1203 manducans
1020 1180 1046 1203 et
1061 1175 1172 1203 bibens.
1199 1180 1226 1203 et
1249 1175 1347 1203 dicunt
1366 1184 1434 1203 ecce
1451 1175 1540 1203 homo
1556 1184 1654 1202 uorax.
1684 1180 1711 1203 et

203 1226 317 1258 potator
336 1222 403 1249 uini.
433 1222 542 1249 amicus
564 1222 784 1258 publicanorum
806 1227 832 1249 et
852 1227 1050 1258 peccatorum.
1082 1226 1109 1250 et
1129 1222 1281 1250 iustificata
1301 1227 1343 1250 est
1366 1222 1507 1258 sapientia
1530 1231 1546 1249 a
1561 1222 1625 1249 filiis
1642 1222 1711 1249 suis-

202 1266 225 1282 ²⁰
235 1274 302 1296 tunc
324 1269 419 1305 coepit
441 1269 615 1305 exprobrare
638 1268 800 1296 ciuitatibus
819 1268 848 1296 in
871 1269 976 1305 quibus
996 1268 1087 1296 factae
1106 1273 1172 1296 sunt
1190 1268 1331 1305 plurimae
1352 1269 1470 1296 uirtutes
1487 1269 1548 1296 eius
1567 1269 1634 1305 quia
1650 1278 1711 1296 non

203 1321 324 1352 egerunt
338 1315 550 1352 paenitentiam.
581 1314 602 1329 ²¹
614 1325 667 1343 uae
684 1315 733 1343 tibi
749 1315 912 1344 chorazain.
937 1324 991 1344 uae
1007 1316 1058 1343 tibi
1074 1315 1202 1344 betsaida
1217 1316 1286 1353 quia
1298 1316 1321 1344 si
1338 1316 1366 1343 in
1379 1322 1441 1353 tyro
1453 1321 1481 1344 et
1493 1315 1602 1352 sydone
1618 1315 1710 1343 factae

204 1361 322 1390 fuissent
344 1363 461 1390 uirtutes
484 1372 558 1399 quae
581 1362 671 1390 sactae
694 1367 759 1389 sunt
781 1362 809 1389 in
832 1362 916 1390 uobis
939 1362 1008 1390 olim
1029 1362 1126 1399 utique
1146 1362 1176 1389 in
1198 1362 1290 1390 cilicio
1310 1368 1337 1390 et
1358 1363 1461 1391 cinere.
1505 1363 1711 1399 paenitentiam

204 1409 338 1446 egissent.
367 1408 388 1424 ²²
398 1415 597 1437 uerumtamen
614 1409 680 1436 dico
695 1409 788 1436 uobis.
818 1413 881 1445 tyro
897 1413 924 1436 et
939 1408 1041 1446 sydoni
1056 1409 1202 1437 remissius
1217 1409 1268 1437 erit
1284 1409 1312 1436 in
1328 1409 1374 1437 die
1390 1409 1487 1437 iudicii
1503 1418 1592 1446 quam
1607 1410 1700 1437 uobis.

285 1455 307 1471 ²³
318 1460 345 1484 et
361 1461 390 1484 tu
412 1456 609 1493 capharnaum
630 1465 704 1493 quae
725 1465 815 1492 usque
839 1456 875 1483 ad
893 1456 1006 1484 caelum
1027 1456 1150 1484 exaltata
1171 1465 1201 1484 es
1223 1465 1314 1493 usque
1335 1456 1364 1483 in
1380 1456 1524 1484 infernum
1540 1456 1709 1484 descendes.

203 1503 272 1540 quia
284 1503 306 1531 si
321 1503 350 1530 in
367 1503 495 1531 sodomis
511 1502 602 1531 factae
618 1502 735 1530 fuissent
750 1503 868 1530 uirtutes
883 1511 958 1540 quae
973 1502 1064 1530 factae
1085 1508 1151 1530 sunt
1171 1502 1201 1530 in
1221 1508 1256 1530 te.
1285 1502 1358 1531 forte
1373 1503 1547 1531 mansissent
1565 1512 1658 1540 usque
1680 1503 1709 1531 in

204 1549 374 1578 hodiernum
398 1550 483 1578 diem.
512 1550 533 1565 24
546 1555 745 1577 uerumtamen
767 1549 833 1577 dico
852 1550 935 1577 uobis
957 1549 1025 1586 quia
1044 1555 1134 1577 terrae
1158 1550 1357 1578 sodomorum.
1387 1550 1532 1578 remissius
1552 1551 1604 1578 erit
1619 1551 1648 1577 in
1663 1550 1710 1578 die

204 1597 300 1625 iudicii
315 1606 403 1634 quam
419 1597 477 1625 tibi.
507 1596 528 1612 2⁵
539 1596 567 1623 in
583 1596 630 1624 illo
651 1601 779 1632 tempore
798 1596 976 1633 respondens
991 1596 1065 1624 iesus
1081 1596 1151 1624 dixit
1167 1597 1327 1624 confitebor
1344 1597 1394 1625 tibi
1409 1602 1490 1633 pater
1505 1596 1623 1625 domine
1638 1597 1709 1625 caeli

204 1707 306 1731 ioannes
332 1707 391 1734 ᾗρῖ,
427 1709 526 1731 dieunt
542 1715 559 1732 ÷
576 1715 631 1731 eece
655 1707 677 1730 R
701 1715 754 1730 sax.
779 1715 825 1737 mg.
861 1707 902 1731 de—

204 1747 316 1769 monium
334 1747 476 1769 DEPLRW.

241 1792 276 1815 19.
296 1787 374 1808 uenit
383 1790 433 1809 ÷et
445 1785 474 1808 R.
509 1792 597 1808 uorax
609 1793 613 1808 z
633 1785 706 1808 uolex
718 1785 738 1807 L
750 1792 755 1812 ;
772 1785 903 1808 deuorator

206 1823 243 1851 R;
261 1832 306 1847 om.
322 1824 350 1847 E.
385 1824 477 1855 puplic.
490 1824 576 1847 Dff‘R.
611 1823 721 1846 hamicus
734 1824 762 1847 C.
798 1831 842 1846 om.
861 1826 903 1846 est

205 1861 251 1885 Ns*
268 1863 310 1885 sed
327 1871 388 1885 corr.
409 1871 440 1885 m.
449 1866 476 1893 p.
511 1864 578 1885 filiis
595 1862 658 1885 codd.
672 1863 710 1892 pl.
726 1866 748 1885 el
763 1870 800 1892 vg.
820 1865 842 1885 et
857 1862 904 1885 filis

205 1901 320 1925 EPLRY:
344 1902 387 1924 scd
404 1902 510 1925 Hieron.
532 1902 560 1924 in
583 1909 666 1926 comm.
686 1901 733 1923 ‘ln
755 1901 902 1931 quibusdam

202 1941 340 1971 euangeliis
351 1941 445 1971 lcgl'lltr
459 1959 464 1963 .
478 1959 482 1962 .
496 1941 611 1971 operibus
620 1939 625 1948 ⁷
638 1943 660 1962 ct
671 1939 707 1962 sic
724 1940 740 1962 7
742 1940 803 1962 Ysch.
810 1948 850 1970 gr.
866 1940 874 1962 J
878 1940 902 1963 1⁷.

206 1979 241 2002 Η.
256 1978 365 2009 (ἔργων).

240 2025 276 2042 20.
295 2021 363 2041 tune
378 2019 405 2041 in
418 2026 464 2048 mg.
476 2018 517 2041 0¹.
552 2019 631 2048 caepit
646 2016 680 2046 H,
695 2017 759 2048 cepit
772 2017 819 2045 w3
841 2017 902 2041 ÷ihs

204 2056 252 2080 BH
270 2065 325 2080 tum
344 2057 358 2080 lz
375 2057 445 2087 (tune
462 2057 500 2080 ihs
517 2057 598 2087 coepit
611 2056 658 2087 gn).
697 2057 758 2079 eius
771 2074 776 2078 .
790 2074 795 2079 .
809 2058 902 2083 paeni-

203 2097 323 2118 tentiam
351 2103 396 2118 σπι.
426 2096 469 2118 ff*
498 2096 601 2126 supplet.
631 2103 709 2125 marg.
754 2095 850 2118 incibus
872 2095 902 2118 L.

202 2134 266 2158 facte
278 2134 317 2157 W.
354 2134 459 2165 plurime
476 2134 566 2157 DRW.
601 2134 722 2164 aegissent
741 2134 819 2162 DEL,
835 2142 901 2164 egre-

203 2176 283 2196 serent
296 2173 325 2195 R.
360 2173 520 2204 penitentiam
533 2173 644 2200 ffvaR,
658 2180 728 2203 poen.
742 2172 816 2200 CDJ,
835 2173 902 2203 peni-

202 2211 308 2235 tenciam
320 2211 352 2233 W
364 2215 387 2234 et
399 2219 423 2234 u.
439 2218 475 2234 21.

238 2256 275 2273 21.
294 2258 339 2272 om.
364 2257 417 2273 uae
443 2251 498 2273 tibi
521 2252 564 2273 eh.
587 2250 648 2280 LQ*
671 2250 706 2278 (4-
722 2250 749 2272 in
779 2258 826 2280 mg.
852 2250 901 2274 litt.

203 2288 339 2313 miniatis&
369 2296 398 2311 ue
411 2288 446 2312 bis
456 2288 522 2311 RW.
553 2290 701 2312 chorazain
711 2296 766 2311 cum
777 2288 901 2311 ABMXY

205 2326 325 2357 kxopag‘elv
338 2331 372 2350 etc
382 2327 407 2358 ):
426 2328 536 2351 corazain
553 2327 718 2355 GJKM'OTV,
735 2335 854 2357 corazayn
870 2327 900 2356 C,

203 2365 333 2389 chorozain
346 2366 411 2396 QCR,
430 2366 543 2389 corozain
559 2366 761 2389 DEH’FHJWZ
773 2374 807 2396 vg
848 2373 900 2389 uae

202 2406 257 2428 tibi
269 2413 310 2428 sec.
321 2413 326 2427 ε
345 2409 369 2428 et
382 2404 419 2427 R*
431 2411 471 2432 (ue
484 2405 530 2428 tibi
542 2412 604 2428 corr.
616 2405 688 2429 sax).
724 2404 858 2435 bethsayda
871 2405 900 2433 C,

202 2443 332 2467 bethzaida
344 2444 406 2472 Dff’,
418 2443 531 2467 betsaida
540 2443 602 2472 JNI',
613 2443 714 2466 bezaida
723 2444 750 2466 L.
786 2442 832 2466 tiro
842 2444 900 2472 EPL,

201 2482 268 2506 thiro
286 2483 315 2505 R.
351 2483 451 2506 sidonae
469 2482 580 2512 L‘Qcorr.
596 2482 670 2511 HR,
688 2483 781 2513 sydone
796 2482 899 2505 DEOV.

202 2521 267 2544 facte
278 2521 309 2544 W
320 2521 362 2544 bis.
393 2524 487 2544 essent
497 2529 502 2543 :
524 2521 624 2544 fuissent
634 2521 771 2544 EEPFNFR.
803 2528 849 2551 que
859 2521 899 2545 XV.

202 2560 280 2583 holim
293 2560 323 2589 C,
336 2559 407 2583 ollim
418 2560 472 2589 DL,
486 2559 552 2591 olym
563 2560 591 2583 E.
628 2560 716 2591 cylicio
725 2560 777 2582 ER.
814 2563 841 2583 et
850 2566 866 2581 ψ
876 2560 899 2582 in

203 2600 245 2622 X0.
286 2607 372 2630 cynere
396 2599 449 2622 ER.
490 2600 564 2630 penit.
592 2599 644 2628 LR,
674 2599 765 2631 poenit.
793 2599 899 2627 CDSPJ,

205 2637 324 2669 penitenc.
340 2638 378 2661 W.
413 2638 536 2669 aegissent
550 2638 625 2662 DEL.

1039 1714 1075 1730 22.
1094 1715 1193 1730 uerum
1209 1710 1304 1731 tamen
1318 1710 1379 1733 (nno
1392 1708 1465 1731 uerbo
1476 1708 1520 1731 JY
1534 1716 1580 1738 vg„
1595 1715 1709 1738 uerump-

1008 1750 1089 1769 tamen
1108 1746 1171 1775 CW,
1194 1750 1354 1770 ueruntamen
1370 1746 1418 1776 53:
1438 1755 1508 1770 amen
1528 1746 1557 1769 R.
1594 1747 1641 1770 tiro
1659 1747 1710 1770 {PL

1008 1785 1073 1814 TW,
1091 1786 1163 1815 thyro
1180 1786 1208 1808 R.
1244 1786 1331 1816 sydoni
1350 1786 1451 1808 DEFR.
1487 1785 1601 1809 remissus
1614 1785 1654 1814 W,
1673 1793 1707 1808 re-

1008 1824 1092 1847 misius
1106 1824 1210 1847 EEPLR.
1241 1825 1296 1848 diae
1307 1825 1335 1848 C.
1366 1824 1441 1847 iudici
1454 1825 1482 1848 E.
1513 1828 1539 1850 >
1551 1832 1624 1854 quam
1638 1824 1709 1847 uobis

1007 1862 1031 1885 in
1045 1862 1085 1885 die
1098 1863 1184 1886 iudicii
1196 1863 1225 1886 L.

1043 1907 1079 1930 23.
1099 1901 1284 1931 chapharnaum
1305 1901 1335 1930 C,
1356 1901 1481 1924 cafamum
1500 1902 1530 1930 L,
1552 1901 1707 1924 cafarnauum

1006 1939 1221 1969 ff‡(sedc011›-.)R.
1257 1940 1367 1971 nunquid
1382 1940 1419 1971 Ξὶῗ
1455 1941 1549 1971 husque
1562 1940 1598 1967 C;
1617 1948 1662 1963 om.
1678 1941 1706 1963 E.

1006 1978 1038 2001 ad
1051 1978 1146 2001 caelum
1157 1978 1376 2009 D<eelstspssLQR
1402 1979 1483 2002 celum
1494 1979 1533 2002 W.
1564 1978 1709 2001 exaltabiris

1006 2017 1038 2046 V,
1050 2017 1196 2041 exaltaueris
1210 2018 1458 2048 BCHLO*TX(scq.
1474 2025 1521 2040 ras.
1534 2017 1591 2048 sere
1608 2024 1619 2039 2
1634 2017 1708 2045 lin.5;

1006 2055 1113 2079 exaltata
1123 2064 1148 2079 es
1158 2056 1181 2086 Q
1190 2064 1196 2084 ;
1216 2062 1232 2080 4-
1241 2064 1272 2079 an
1282 2057 1305 2086 Q
1316 2060 1363 2086 (gr.
1372 2055 1387 2085 ἥ
1396 2056 1429 2085 D,
1438 2057 1453 2085 ἡ
1463 2056 1492 2084 L,
1504 2059 1560 2078 uctt.
1570 2059 1611 2079 aut
1621 2064 1634 2078 α
1643 2056 1656 2078 h
1665 2056 1708 2085 d);

1013 2100 1031 2118 -l-
1045 2098 1069 2118 et
1083 2095 1131 2118 DE
1142 2103 1197 2118 cum
1212 2103 1254 2125 g2;
1280 2101 1298 2118 -4-
1313 2099 1336 2118 et
1348 2095 1368 2118 si
1382 2095 1491 2118 exaltata
1505 2095 1576 2118 fueris
1588 2095 1607 2117 B
1620 2103 1675 2117 cum
1688 2103 1706 2119 c.

1008 2134 1045 2164 Cf
1059 2134 1165 2157 Ilz'eron.
1179 2134 1207 2156 in
1220 2142 1304 2157 comm.
1321 2136 1327 2145 ¹
1335 2134 1363 2156 z'n
1376 2134 1453 2157 allero
1465 2133 1604 2163 exemplari
1615 2134 1708 2164 reperi-

1006 2180 1061 2195 mus
1078 2176 1101 2196 et
1118 2176 1144 2195 tu
1161 2172 1327 2203 capharnaum
1345 2180 1407 2203 quae
1424 2180 1498 2203 usque
1515 2172 1539 2195 in
1557 2172 1653 2195 caelum
1666 2179 1705 2195 ex-

1005 2210 1081 2234 altata
1098 2219 1131 2239 es,
1144 2219 1220 2241 usque
1237 2211 1268 2233 ad
1281 2211 1373 2234 inferna
1386 2209 1532 2234 descendes)
1567 2210 1661 2241 husque
1676 2211 1705 2234 C.

1005 2251 1036 2272 in
1046 2250 1095 2272 ins.
1107 2257 1111 2273 :
1131 2257 1176 2272 om.
1186 2251 1217 2272 in
1228 2250 1248 2272 E
1259 2258 1264 2277 ;
1282 2249 1314 2272 ad
1324 2249 1366 2272 inf.
1378 2250 1475 2279 DJLQ.
1507 2249 1634 2272 discendes
1645 2249 1706 2278 EPR,

1005 2287 1127 2311 discendis
1146 2288 1199 2311 DL.
1234 2289 1298 2311 facte
1317 2288 1353 2310 his
1366 2288 1406 2317 W,
1423 2288 1488 2311 facta
1505 2288 1532 2310 E.
1568 2289 1704 2311 fuissent:

1005 2330 1084 2350 essent
1102 2327 1135 2350 D.
1171 2334 1217 2357 que
1236 2327 1303 2350 DW.
1338 2327 1416 2350 fortae
1436 2327 1464 2349 E.
1500 2326 1632 2349 mansisent
1654 2327 1704 2349 EL.

1005 2365 1097 2396 husque
1109 2366 1139 2394 C,
1157 2373 1220 2396 uque
1234 2366 1261 2388 L.
1297 2365 1328 2388 ad
1341 2366 1367 2389 J.
1402 2367 1476 2389 hunc
1493 2365 1556 2388 codd.
1572 2365 1623 2395 pL:
1643 2365 1706 2388 hanc

1005 2404 1037 2427 W
1046 2412 1084 2435 vg.

1039 2450 1077 2473 24.
1096 2446 1188 2466 uerunt.
1202 2442 1238 2473 Ξῆ,
1253 2446 1356 2466 nerumt.
1369 2443 1410 2471 D;
1427 2446 1478 2466 cett.
1493 2446 1521 2465 ut
1533 2450 1558 2466 u.
1571 2450 1607 2466 22.
1642 2447 1705 2466 terre

1005 2482 1044 2505 W.
1074 2482 1186 2505 remisius
1207 2482 1286 2504 E‘ff’L.
1322 2481 1377 2505 diae
1399 2482 1427 2505 C.
1462 2482 1538 2504 iudici
1557 2482 1585 2504 E.
1620 2489 1705 2509 quam

1004 2522 1057 2543 tibi
1075 2521 1138 2544 codd.
1152 2529 1189 2551 vg.
1202 2520 1288 2550 etfl:
1308 2528 1382 2551 quam
1401 2521 1472 2544 uobis
1490 2521 1536 2543 DL
1554 2528 1609 2543 cum
1624 2529 1704 2551 graec.

1004 2560 1147 2583 DMmoeta
1160 2559 1409 2591 bcdffifflgllqu.

1040 2606 1075 2629 ²5-
1095 2599 1175 2622 ihesus
1191 2599 1263 2629 plene
1281 2598 1311 2627 C,
1329 2599 1359 2629 cf.
1378 2599 1413 2622 ad
1431 2599 1445 2621 i.
1467 2606 1486 2621 1.
1522 2598 1646 2629 respondit
1667 2598 1705 2622 ihs

1005 2637 1089 2661 dicens
1102 2638 1134 2661 D.
1169 2639 1242 2660 dixit
1254 2645 1258 2661 :
1278 2636 1314 2660 dit
1327 2638 1355 2660 E.
1391 2638 1515 2661 conseteor
1527 2638 1558 2667 L,
1569 2637 1705 2661 confitebor

1370 2687 1441 2711 ΜΖ
