2209 3147
378 262 439 294 682

670 352 847 377 Par.Lat.6⁴.

378 401 490 431 XXXa.
524 402 561 430 iii.
594 401 652 430 Ubi
681 401 724 429 ihs
754 401 932 438 improperat
961 399 1074 429 corozai
1103 404 1131 427 et

420 449 568 477 bethsaide
591 453 618 476 et
640 448 805 486 eapharnau
828 448 997 476 ciuitatibus.

424 545 504 573 nouit
519 549 630 581 patrem
646 565 652 572 .
667 547 695 571 et
710 542 805 571 uenite
821 542 858 570 ad
876 551 923 570 me
938 550 1050 570 omnes.

380 590 521 633 [XXXV.
565 587 638 629 U]bi
684 589 815 627 discipuli
857 589 950 627 spicas
988 588 1133 617 uellebant

420 639 550 668 sabbato.

382 823 553 866 [XXXVI]
577 825 705 854 XXXV.
734 824 792 853 Ubi
814 825 859 854 ihs
881 834 1001 853 manum
1023 824 1134 853 aridam

423 874 453 902 in
475 873 617 910 sinagoga
641 873 754 901 sanauit
777 873 898 902 sabbato
921 894 927 901 .
954 878 981 901 et
1003 881 1134 910 egressus

423 920 489 949 inde
505 920 615 948 curauit
636 919 741 948 multos
758 942 763 947 .
787 924 814 948 et
837 919 916 958 quod
935 920 974 948 ait
993 919 1135 957 propheta

421 977 491 996 ecce
512 976 583 1004 puer
601 976 684 995 meus
699 989 705 995 .
721 972 748 995 et
770 967 919 996 hominem
941 976 958 996 a
980 966 1136 995 daemonio

422 1023 523 1043 cecum
546 1019 572 1042 et
595 1019 709 1042 mutum
732 1015 842 1042 curauit
859 1036 865 1042 .
880 1019 908 1042 et
929 1014 1005 1042 iudei
1026 1013 1135 1042 calum-

423 1062 539 1089 niantur
569 1061 598 1089 in
629 1061 808 1090 behelzebub
838 1084 843 1090 .
869 1066 896 1090 et
926 1061 975 1098 qui
1004 1069 1065 1089 non
1093 1064 1136 1088 est

424 1117 538 1136 mecum
552 1130 557 1136 .
570 1114 597 1137 et
613 1108 649 1136 de
664 1108 844 1146 blasphemia
860 1109 888 1136 in
903 1108 1000 1146 spiritu
1016 1112 1118 1136 sancto
1130 1129 1136 1135 .

424 1161 451 1184 et
469 1156 552 1184 facite
569 1156 701 1184 arborem
718 1156 826 1184 bonam
842 1178 848 1184 .
864 1161 892 1185 et
911 1155 1001 1184 homo
1017 1156 1113 1184 bonus
1130 1177 1135 1182 .

424 1208 451 1231 et
467 1203 501 1231 de
518 1203 609 1231 uerbo
624 1203 733 1232 ocioso.

386 1488 574 1531 [XXXVII]
601 1489 744 1518 XXXVI.
769 1488 827 1518 Ubi
850 1489 942 1518 scribe
965 1494 992 1518 et
1014 1488 1138 1526 pharisei

427 1539 542 1575 signum
565 1541 667 1575 petunt
689 1537 725 1565 ab
749 1536 797 1564 ihu
818 1558 824 1565 .
843 1541 871 1565 et
893 1545 960 1565 curn
983 1535 1139 1564 inmundus

427 1585 543 1623 spiritus
559 1585 661 1613 exierit
676 1585 713 1613 ab
728 1584 854 1612 homine.

388 1630 592 1673 [XXXVIII]
616 1631 727 1660 XXXa.
744 1631 788 1659 vii.
817 1631 911 1659 Mater
929 1636 977 1659 tua
997 1635 1024 1659 et
1041 1630 1140 1659 fratres

428 1681 467 1708 tui
485 1680 551 1708 soris
568 1685 643 1708 stant
658 1679 756 1707 dieunt
772 1678 808 1707 ad
823 1678 891 1707 ihm.

390 1772 574 1802 XXXVIII¹.
599 1773 710 1801 Sedens
725 1772 768 1801 ihs
780 1772 809 1800 in
824 1771 957 1800 nauicula
971 1771 1141 1808 parabolam

432 1821 521 1849 turbis
551 1821 587 1849 de
616 1821 775 1848 seminante
805 1828 887 1848 secus
918 1819 995 1847 uiam
1022 1841 1028 1847 .
1057 1824 1084 1847 et
1113 1819 1142 1846 in

430 1874 547 1906 petrosa
571 1872 598 1896 et
622 1868 650 1895 in
677 1873 780 1895 terram
805 1867 912 1895 bonam
935 1866 1003 1894 dicit
1024 1871 1072 1893 .et
1094 1865 1142 1902 qui

434 1916 499 1943 abet
511 1914 626 1942 dabitur
638 1915 663 1943 ei
676 1936 681 1942 .
694 1920 722 1942 et
737 1919 768 1942 ut
784 1913 916 1942 uidentes
931 1922 990 1941 non
1006 1912 1123 1941 uideant
1136 1934 1142 1940 .

431 1968 458 1991 et
483 1962 568 1990 multi
596 1961 734 1999 prophete
765 1961 914 1998 cupierunt
943 1960 1040 1988 uidere
1070 1969 1143 1997 quae

431 2009 540 2038 uidetis.

394 2151 456 2180 XL.
479 2150 523 2179 De
543 2150 651 2179 zizania
671 2156 696 2179 et
719 2150 810 2179 tritico
825 2173 831 2180 .
848 2149 884 2179 de
904 2158 996 2187 grano
1016 2148 1122 2186 sinapis
1138 2170 1144 2176 .

435 2204 464 2227 et
482 2197 518 2226 de
539 2197 685 2226 fermento
707 2197 786 2235 quod
804 2198 913 2235 accepit
931 2197 1031 2225 mulier
1046 2218 1052 2224 .
1067 2201 1095 2224 et
1109 2195 1145 2224 de

437 2245 551 2283 psalmo
568 2244 714 2282 apperiam
730 2245 758 2272 in
776 2244 920 2282 parabolis
935 2253 969 2273 os
983 2252 1081 2272 meum
1097 2264 1103 2270 .
1119 2247 1146 2270 et

435 2293 500 2321 iusti
517 2292 667 2330 fulgebunt
683 2292 755 2320 sicut
770 2292 812 2320 sol
828 2292 857 2319 in
872 2300 971 2328 regno.

394 2340 457 2369 XL.
480 2341 497 2368 i.
521 2339 566 2368 De
587 2339 722 2368 thesauro
742 2339 771 2366 in
791 2348 861 2375 agro
879 2339 1023 2367 absconso
1039 2359 1045 2367 .
1061 2342 1089 2366 et
1111 2337 1147 2366 de

438 2388 517 2415 bona
537 2386 693 2423 margarita
708 2407 714 2414 .
730 2391 758 2414 et
773 2386 808 2414 de
822 2391 881 2414 rete
897 2386 985 2414 misso
1001 2386 1030 2413 in
1045 2394 1124 2413 mare
1142 2406 1147 2412 .

437 2438 465 2463 et
491 2433 526 2462 de
557 2434 650 2462 scriba
673 2433 722 2469 qui
748 2432 855 2470 profert
881 2433 916 2461 de
939 2433 1071 2461 thesauro
1096 2441 1148 2461 suo

430 2535 540 2559 XXXV.
556 2535 647 2558 Omisit
658 2534 736 2558 scriba
747 2535 852 2566 capituli
861 2543 994 2558 numerum
1007 2538 1029 2558 et
1036 2535 1149 2566 primam

395 2574 497 2598 literam
507 2582 517 2603 ;
536 2576 560 2597 et
572 2573 694 2597 simililer
705 2573 754 2604 i'fi
762 2582 777 2597 α
788 2578 838 2605 sap.
852 2574 904 2597 LV.

431 2613 597 2637 XXXVIIII.
617 2616 678 2636 recle
689 2613 724 2636 sic
736 2616 895 2636 numeratur.

430 2652 484 2676 XL.
505 2653 603 2676 tritico
613 2659 628 2676 ÷
639 2655 661 2675 et
674 2660 719 2675 cor.

1029 257 1270 287 EPILOGUS.

1477 349 1555 374 Harl.
1570 354 1640 381 2790.

1183 398 1310 426 XXXII.
1332 398 1370 426 Et
1386 398 1549 427 ciuitatibus
1564 397 1717 426 incredulis
1732 397 1920 435 exprobrans.

1184 492 1326 521 XXXIII.
1351 491 1503 521 Confessio
1527 492 1575 521 ihu
1602 492 1639 520 ad
1665 496 1775 529 patrem
1801 496 1828 519 et
1854 500 1935 519 reue-

1225 540 1313 568 lando
1329 548 1359 568 se
1375 544 1461 568 uocat
1476 539 1546 568 lora.

1185 586 1343 615 XXXIIII.
1366 586 1411 614 De
1433 586 1521 624 spicis
1544 586 1664 615 sabbato
1689 585 1778 614 uulsis
1803 584 1936 622 indigna-

1226 634 1394 672 tionemque
1409 633 1636 670 pharisaeorum.

1186 821 1312 851 XXXV.
1344 821 1512 850 Instaurans
1543 820 1653 850 aridam
1686 829 1775 849 manu
1805 820 1938 849 sanitati.

1227 869 1392 907 multosque
1424 868 1584 897 reformans
1613 877 1732 897 caecum
1761 877 1795 896 ac
1825 872 1937 896 mutum

1228 916 1348 945 innouat
1364 916 1560 945 daemonium.

1190 1483 1333 1512 XXXVI.
1369 1483 1514 1512 Pharisaei
1543 1483 1580 1511 ab
1609 1483 1657 1511 ihu
1693 1483 1809 1520 signum
1844 1486 1943 1520 petent

1230 1536 1413 1569 temptantes.

1191 1625 1348 1654 XXXVII.
1372 1624 1466 1653 Matre
1482 1629 1510 1653 et
1524 1624 1657 1653 fratribus
1672 1624 1709 1653 ad
1729 1624 1788 1652 ihm
1803 1623 1942 1653 uenienti-

1233 1673 1287 1701 bus
1301 1681 1428 1710 eumque
1443 1672 1550 1701 uidere.

1194 1766 1366 1795 XXXVIII.
1394 1766 1438 1794 De
1461 1766 1594 1794 nauicula
1617 1766 1715 1794 turbas
1737 1765 1841 1794 edocet
1864 1774 1944 1803 para-

1235 1814 1309 1843 bolis
1325 1814 1493 1842 seminantis
1509 1813 1655 1851 discipulis
1670 1813 1738 1843 solis
1754 1812 1931 1841 disserendo.

1196 2001 1386 2030 XXXVIIII.
1410 2001 1484 2030 Item
1504 2002 1573 2030 boni
1589 2001 1706 2030 seminis
1721 2007 1749 2030 et
1764 2001 1948 2038 zyzaniorum

1238 2049 1404 2087 sinapisque
1419 2058 1511 2086 grano
1526 2054 1554 2077 et
1572 2048 1703 2077 fermenti
1719 2048 1863 2086 parabolis
1878 2047 1946 2076 edo-

1237 2106 1304 2125 cens
1320 2095 1480 2124 declarauit.

1199 2332 1262 2362 XL.
1286 2333 1342 2362 Sed
1364 2337 1393 2362 et
1415 2333 1451 2362 de
1477 2332 1613 2362 thesauro
1635 2333 1663 2361 in
1686 2342 1757 2371 agro
1779 2332 1950 2361 abscondito

1239 2381 1422 2418 pretioseque
1445 2381 1597 2418 margarite
1623 2390 1804 2418 sagenaeque
1829 2381 1858 2408 in
1880 2380 1950 2408 mari

1240 2437 1355 2456 missae.

1234 2531 1340 2555 XXXV.
1362 2533 1496 2555 innouat:
1514 2534 1601 2555 nouat.
1613 2531 1642 2555 in
1655 2539 1703 2556 ras.
1716 2531 1842 2562 scrzjhlum.
