2209 3147
417 331 523 363 DffGQ
534 339 593 355 aur.

254 377 334 406 XLI.
373 377 471 406 Nolite
499 378 601 406 timere
637 377 758 415 pusillus

293 434 365 461 grex
387 429 415 452 et
437 433 520 453 seruo
543 434 631 461 quem
650 425 756 453 consti-

293 471 346 498 tuit
359 471 413 499 dfis
426 480 512 508 super
523 471 662 499 familiam
674 481 755 500 suam

293 523 325 545 ut
340 518 387 546 det
405 518 446 546 eis
462 519 579 547 cibaria.

251 831 346 860 XLII.
369 831 438 860 Non
450 832 517 861 ueni
526 841 629 869 pacem
639 833 752 861 mittere

291 878 321 906 in
336 884 442 907 terram
454 878 504 907 sed
520 879 649 916 gladium
664 885 692 908 et
708 879 751 916 ig-

291 934 357 953 nem
369 929 397 953 et
409 925 445 953 da
456 935 575 963 operam
590 927 703 955 liberari
715 927 751 954 ab

292 972 457 1000 aduersario
473 973 540 1000 dum
563 983 593 1001 es
614 983 680 1001 cum
704 974 751 1002 illo

292 1028 320 1046 m
336 1028 390 1046 uia.

250 1414 288 1442 Et
323 1415 401 1443 uenit
438 1415 475 1444 ad
510 1415 644 1443 arborem
679 1415 751 1443 ficus

292 1461 452 1499 plantatam
468 1462 497 1490 in
516 1462 595 1490 uinia
615 1472 670 1500 que
691 1472 750 1491 non
776 1501 778 1506 ³

291 1508 357 1537 fecit
373 1508 479 1538 fructus
494 1519 546 1548 per
561 1519 655 1538 annos
671 1519 721 1539 -ΠΙ,

251 1601 362 1630 XLIII.
375 1601 420 1630 De
430 1603 570 1640 sanguine
580 1603 751 1640 galileorum

292 1658 379 1686 quem
409 1649 524 1678 miscuit
548 1650 661 1687 pylatus
684 1660 750 1678 cum

291 1695 437 1724 sacrificiis
466 1695 620 1725 Mulierem
645 1698 682 1725 ab
707 1698 751 1725 in-

292 1742 426 1771 firmitate
450 1752 594 1772 annorum
617 1745 684 1772 xviii
706 1754 750 1772 sa-

291 1791 372 1817 nauit
397 1790 440 1818 ihs
465 1790 573 1818 Iterum
600 1791 635 1819 de
658 1801 751 1828 grano

292 1837 409 1873 synapis
419 1842 446 1865 et
457 1837 596 1866 fermento
604 1839 750 1867 absconso

293 1884 321 1910 in
337 1883 436 1911 farina.

283 2171 352 2194 XLI.
370 2172 461 2194 nolite
478 2171 506 2193 in
522 2171 569 2194 XL
585 2171 642 2194 incl.

258 2210 275 2227 -ι-
285 2204 345 2227 dicit
366 2204 401 2226 ad
422 2203 479 2226 init.
503 2212 559 2227 aur.
595 2208 617 2227 et
641 2204 671 2227 de
696 2205 749 2233 (sic)

251 2244 322 2260 seruo
333 2236 381 2260 inc.
390 2236 450 2259 XLI
460 2244 516 2259 aur.
548 2244 593 2260 om.
604 2244 683 2260 suam
693 2245 749 2260 aur.

251 2271 373 2293 cibaria:
391 2277 459 2292 escas
470 2277 526 2291 [zur.

284 2301 366 2325 XLII.
386 2307 403 2325 ÷
411 2302 454 2324 ubi
464 2301 523 2325 dicit
532 2301 566 2324 ad
573 2301 630 2324 init.
640 2302 670 2325 G.
705 2311 750 2325 om.

251 2336 282 2358 in
291 2338 395 2358 terram
403 2337 426 2358 et
435 2337 463 2357 et.
471 2336 565 2362 ignem
573 2337 600 2357 et
610 2334 750 2365 'zPGQaun

251 2375 296 2390 om.
306 2369 340 2390 ab
347 2368 379 2390 D.
401 2369 545 2390 eumdum..
558 2369 601 2390 ,in
610 2367 692 2390 uiaG.
708 2375 749 2391 es:

252 2403 286 2423 eis
296 2408 353 2423 aur.
388 2408 451 2423 cum
460 2401 511 2423 illo
521 2400 557 2422 bis
565 2407 610 2422 scr.
620 2400 653 2423 D.
690 2404 715 2426 >
726 2401 750 2423 in

252 2433 293 2456 nia
305 2441 361 2456 eum
373 2440 403 2456 eo
415 2441 472 2455 aur.
504 2435 533 2456 et.
544 2434 625 2455 uenit
635 2440 640 2456 :
659 2435 683 2455 et
695 2441 751 2456 cum

252 2465 357 2488 uenisset
376 2473 433 2488 aur.
444 2473 449 2493 ;
471 2466 518 2488 inc.
540 2465 625 2488 XLVI
646 2465 688 2492 ΞΡ;
715 2466 751 2488 ita

252 2499 311 2528 legit
323 2498 346 2521 G
359 2502 382 2521 et
395 2498 425 2521 de
437 2499 549 2521 arborem
566 2497 604 2521 fici
618 2498 642 2520 in
655 2498 751 2521 niueam

252 2538 314 2561 quae
325 2539 374 2554 non
386 2534 427 2554 etc.
462 2531 501 2553 fici
514 2539 572 2554 aur.

285 2563 381 2587 XLIII.
398 2567 425 2590 >
434 2563 527 2594 pilatus
535 2563 603 2587 mise.
612 2571 668 2586 aur.
694 2571 751 2586 mu-

252 2597 351 2619 lierem
359 2596 406 2619 inc.
414 2596 515 2619 XLIIII
524 2596 601 2623 Gmbi
612 2596 751 2626 m.)Qaur.;
777 2595 778 2615 l

253 2629 300 2652 inc.
310 2628 422 2651 XLVIII
432 2629 467 2651 ff.
495 2629 564 2652 annis
575 2629 604 2652 G.
632 2631 749 2652 iterum:

252 2662 311 2684 item
324 2669 379 2684 aar.
392 2670 397 2690 ;
415 2665 438 2685 et
451 2661 489 2690 G;
508 2662 554 2685 inc.
568 2661 694 2684 XLVIIII
706 2661 742 2684 ΞΡ,

657 2171 679 2202 Q
691 2179 750 2195 aur.
776 2170 777 2182 ¹

830 249 1094 279 SECUNDUM
1113 252 1140 279 L
1147 252 1229 281 UCA
1237 252 1284 281 M.

973 334 990 357 J
1004 333 1146 364 (capitula).

810 377 922 406 XLIII.
953 378 999 406 De
1028 380 1133 416 pusillo
1165 390 1254 418 grege
1283 386 1310 409 et

851 425 967 453 sacculo
979 430 1007 453 et
1018 426 1176 456 thensauro
1187 428 1217 455 in
1228 428 1309 456 caelo

849 478 877 500 et
899 472 1067 501 hominibus
1089 475 1310 510 expectantibus

850 520 1002 548 dominum
1018 525 1046 548 et
1065 520 1100 548 de
1119 521 1203 550 fidele
1225 531 1309 551 seruo

850 572 876 595 et
893 567 1104 604 dispensatore.

806 835 934 865 XLIIII.
973 836 1018 865 De
1047 838 1114 875 igne
1147 844 1175 867 et
1210 839 1308 876 gladio

847 893 935 921 quem
955 885 1034 913 uenit
1053 886 1167 914 mittere
1182 886 1260 915 iesus
1279 887 1308 915 in

845 936 951 959 terram
973 937 1001 959 et
1020 933 1097 961 nube
1116 938 1143 961 et
1162 934 1263 963 nimbo
1280 940 1307 963 et

846 978 918 1006 faeie
934 979 1015 1007 caeli.

806 1270 898 1299 XLV.
923 1271 968 1299 De
984 1272 1152 1302 aduersario
1166 1274 1196 1302 in
1212 1274 1259 1302 uia
1277 1280 1305 1303 et

846 1318 882 1347 de
897 1319 1024 1355 galilaeis
1044 1326 1071 1347 et
1091 1325 1168 1349 turre
1186 1322 1215 1349 in
1233 1322 1305 1350 siloa

845 1370 873 1394 et
888 1366 923 1393 de
939 1367 1040 1395 arbore
1053 1367 1125 1396 ficus
1138 1374 1165 1396 et
1178 1369 1304 1406 cophino

846 1414 984 1442 stercoris.

804 1703 912 1732 XLVI.
933 1704 978 1733 De
995 1705 1114 1734 muliere
1126 1714 1201 1742 quae
1217 1706 1305 1735 habe-

845 1752 892 1779 bat
911 1752 1042 1789 spiritum
1063 1752 1235 1782 infirmitatis
1256 1763 1305 1782 cu-

843 1804 904 1827 rata
921 1799 1050 1827 sabbato.

803 1847 928 1876 XLVII.
952 1847 998 1876 De
1023 1857 1116 1885 grano
1143 1849 1250 1886 sinapis
1276 1855 1304 1877 et
1329 1882 1331 1891 ‚

845 1894 929 1923 horto
952 1900 979 1923 et
1003 1895 1050 1923 uia
1072 1901 1196 1932 angusta
1218 1901 1245 1924 et
1267 1896 1303 1924 de

845 1942 930 1969 ianua
946 1948 973 1970 et
988 1941 1095 1970 herode
1111 1943 1205 1979 uulpe.

1798 265 1857 297 293

1424 337 1449 359 K
1459 338 1535 361 Harl.
1551 342 1614 368 2790
1623 338 1704 362 Nanc.
1716 339 1804 363 Bamb.

1363 381 1426 409 XL.
1449 382 1507 410 Ubi
1522 383 1600 411 iubet
1615 383 1670 412 dfis
1681 394 1734 421 pro
1745 385 1823 413 uictu
1833 391 1861 414 et

1404 429 1571 457 uestituram
1602 439 1663 458 non
1694 430 1859 459 habendam

1404 475 1449 503 uel
1466 475 1501 503 de
1516 476 1702 513 uigilantibus
1717 478 1805 505 seruis
1818 479 1860 505 in-

1404 522 1558 558 terrogatio
1583 523 1654 559 petri
1680 523 1786 560 dfiique
1815 534 1860 552 re-

1403 569 1522 605 sponsio
1551 569 1587 596 de
1617 570 1707 597 seruis
1741 571 1790 598 dni
1818 571 1861 598 sui

1404 615 1583 643 uoluntatem
1599 616 1764 645 scientibus.

1363 843 1441 871 XLI.
1479 843 1537 872 Ubi
1567 843 1621 871 dns
1657 844 1725 872 dicit
1761 844 1859 880 ignem

1400 891 1467 918 ueni
1496 891 1607 918 mittere
1636 891 1665 918 in
1694 896 1799 919 terram
1833 896 1860 919 et

1402 937 1529 965 dandam
1556 946 1677 974 operam
1700 938 1737 966 ab
1760 938 1859 966 aduer-

1401 985 1476 1012 sario
1491 984 1610 1012 liberari.

1359 1615 1454 1645 XLII.
1478 1616 1536 1644 Ubi
1564 1617 1623 1645 dfio
1646 1617 1794 1645 nuntiatur
1823 1617 1858 1646 de

1400 1663 1510 1701 galileis
1529 1673 1545 1692 a
1564 1664 1653 1700 pilato
1675 1664 1809 1692 extinctis
1830 1670 1857 1692 et

1399 1711 1470 1739 ficus
1486 1711 1685 1739 infructuosae.

1358 1757 1468 1786 XLIII.
1491 1758 1536 1786 De
1551 1758 1671 1786 muliere
1686 1759 1751 1786 xviii
1767 1768 1857 1787 anno-

1398 1815 1462 1833 rum
1477 1805 1590 1833 infirma
1606 1805 1725 1834 saluata.

1327 2147 1328 2159 l

1327 2183 1328 2209 i
1388 2182 1441 2205 XL.
1463 2185 1490 2208 >
1502 2182 1547 2205 (ἰῆς.
1567 2182 1634 2205 iubet
1651 2180 1738 2203 Bamb.
1773 2180 1804 2203 de
1824 2180 1855 2204 de

1327 2211 1329 2234 l
1354 2215 1433 2237 seruis
1452 2215 1483 2237 K.

1386 2247 1454 2270 XLI.
1474 2251 1550 2270 teram
1564 2247 1595 2270 K.

1386 2280 1467 2303 XLII.
1488 2288 1504 2303 a.
1516 2282 1620 2308 pilato:
1639 2287 1709 2304 mma
1720 2280 1745 2303 K
1758 2279 1846 2303 Bamb.
