2209 3147
340 261 401 292 494

505 337 606 361 AHVY
614 337 691 360 Harl.
707 342 776 368 2797.

341 384 376 412 V.
400 384 614 421 Propinquante
638 383 745 421 pascha
771 383 939 410 iudaeorum

382 432 447 459 eicit
468 431 624 458 uendentes
642 440 657 458 e
676 429 785 467 templo
807 435 834 458 et
856 429 940 457 inter-

382 478 549 515 rogantibus
564 478 644 515 quod
661 478 775 514 signum
788 477 867 505 daret
883 477 940 505 sol-

381 525 468 553 uendi
490 525 630 562 templum
651 530 678 552 et
699 525 728 552 in
748 524 841 552 triduo
864 523 939 552 exci-

381 573 459 600 tandi
476 572 642 609 mysterium
658 572 748 609 ponit.

341 619 392 647 VI.
416 619 579 648 Nicodemo
601 619 674 647 inter
695 619 784 646 multa
803 618 870 646 dicit
886 618 940 646 nisi

381 672 496 695 renatus
512 667 541 694 in
556 675 677 703 regnum
699 666 744 694 dei
759 666 863 693 intrare
879 674 939 693 non

380 723 465 751 posse
504 713 560 742 Uel
576 713 655 750 quod
671 722 731 741 non
747 713 872 741 iudicare
889 712 939 740 sed

381 762 490 789 saluare
511 761 623 788 uenerit
643 760 785 788 mundum
803 765 830 788 et
845 760 939 787 mani-

381 807 477 836 festari
506 807 573 836 dicit
602 816 693 845 opera
722 816 797 845 quae
826 807 854 834 in
884 806 940 834 deo

381 860 445 883 sunt
461 854 544 883 facta.

340 901 409 929 VII.
446 901 570 929 Iohanni
600 902 629 928 in
658 910 754 929 aenon
782 900 939 937 baptizanti

380 949 481 977 dicitur
503 949 594 976 iesum
616 948 762 985 baptizare
783 957 870 985 quein
893 947 939 975 ille

380 1005 519 1032 sponsum
538 1004 600 1023 esse
616 1000 643 1023 et
659 1000 792 1032 oportere
809 1004 938 1022 crescere

380 1053 409 1071 se
432 1048 528 1071 autem
551 1042 639 1070 minui
660 1042 797 1079 illumque
820 1041 855 1069 de
878 1050 938 1069 sur-

380 1099 443 1118 sum
459 1095 486 1118 et
506 1099 592 1127 supra
613 1098 716 1117 omnes
737 1098 799 1116 esse
820 1088 938 1116 creden-

381 1144 497 1174 temque
534 1137 562 1164 in
598 1145 664 1164 eum
706 1136 812 1164 habere
850 1136 938 1163 uitam

380 1190 527 1213 aeternam
553 1193 638 1220 super
663 1183 843 1211 incredulum
869 1191 939 1211 uero

380 1232 451 1260 iram
467 1239 585 1259 manere
602 1230 761 1258 confirmat.

339 1372 423 1401 VIII.
454 1372 541 1409 Apud
568 1377 686 1409 puteum
715 1372 800 1400 iacob
828 1371 938 1399 mulieri

380 1420 571 1448 samaritanae
594 1419 790 1447 manifestatus
815 1418 938 1455 plurima

380 1467 500 1503 mystice
520 1466 646 1504 loquitur
668 1470 695 1494 et
717 1465 798 1493 multi
819 1465 937 1493 samari—

379 1520 512 1542 tanorum
533 1514 653 1542 credunt
673 1513 702 1541 in
723 1522 790 1541 eum
809 1512 937 1540 dicentes

379 1561 424 1589 hic
440 1566 481 1589 est
496 1571 564 1589 uere
580 1560 703 1589 saluator
719 1559 827 1588 mundi.

339 1609 438 1637 VIIII.
462 1608 565 1645 Reguli
588 1608 738 1636 cuiusdam
759 1607 832 1635 filius
855 1617 937 1644 egro-

379 1662 442 1684 tans
458 1655 583 1684 absentis
599 1655 710 1683 domini
726 1664 799 1683 uoce
819 1660 938 1683 sanatur

379 1703 498 1731 dicentis
513 1703 588 1740 patri
603 1702 663 1730 eius
681 1702 755 1730 uade
777 1701 851 1730 filius
872 1707 936 1730 tuus

379 1751 449 1778 uiuit
503 1749 621 1778 eredidit
638 1750 698 1787 ipse
714 1754 740 1777 et
756 1749 861 1777 domus
876 1750 936 1778 eius

378 1802 446 1826 tota.

339 1844 374 1872 X.
398 1843 559 1872 Hominem
576 1852 687 1871 xxxum
704 1852 797 1871 annos
814 1843 843 1870 in
858 1842 935 1870 infir-

819 252 1045 282 CAPITULA
1073 252 1130 280 IN
1152 251 1469 281 EUANGELIUM

1067 336 1173 359 {FCQIJ
1180 336 1364 366 {bruta-nomi.

1034 382 1079 410 De
1103 382 1211 419 templo
1234 382 1441 410 nummolarios

1074 430 1156 458 aeicit
1174 429 1282 457 Soluite
1301 428 1441 466 templum

1074 476 1129 504 hoc
1148 476 1253 505 dicens.

1034 617 1190 646 Nicodimo
1235 617 1359 654 loquitur
1405 616 1440 645 de

1075 664 1219 692 babtismo
1229 669 1256 692 et
1265 664 1325 692 aliis
1336 663 1439 692 multis.

991 900 1056 927 ΙΙΙ.
1080 899 1138 926 Ihs
1160 900 1196 926 in
1214 900 1340 926 Iudaea
1359 900 1439 926 bab-

1072 947 1164 974 tizat.

1033 993 1070 1020 Et
1084 992 1224 1021 Iohannis
1240 1001 1325 1020 enon.

1033 1039 1149 1077 Quique
1174 1039 1241 1068 dicit
1267 1041 1337 1076 xpm
1364 1048 1440 1067 cres-

1073 1096 1137 1115 cere
1148 1096 1177 1115 se
1187 1091 1285 1114 autem
1294 1086 1439 1114 minorari.

991 1373 1076 1399 IIII.
1109 1372 1168 1399 Ihs
1195 1379 1273 1399 eum
1298 1372 1439 1399 muliere

1069 1419 1438 1452 samaritanaloqujtur.

1032 1465 1208 1502 Prophetam
1228 1465 1258 1492 in
1278 1465 1369 1502 patria
1387 1474 1439 1492 sua

1071 1512 1132 1540 sine
1145 1512 1255 1541 honore
1268 1521 1349 1540 aesse
1362 1511 1438 1539 dicit.

1032 1605 1134 1642 Reguli
1173 1605 1261 1634 filium
1297 1615 1313 1633 a
1346 1610 1438 1633 morte

1071 1658 1195 1681 SUSCltat.

987 1844 1028 1870 V.
1043 1843 1136 1875 Aput
1145 1842 1312 1870 natatoria
1320 1843 1438 1870 bezeta

1497 336 1631 359 Uat.Alex.
1639 342 1667 365 14
1676 336 1683 365 ζ
1692 346 1711 354 --
1722 333 1939 366 Thom.1.p.344).

1492 380 1537 408 De
1581 380 1690 417 templo
1734 380 1941 408 nummularios

1534 428 1623 455 eiecit.

1492 474 1530 502 Et
1552 475 1665 511 signum
1692 473 1861 511 postulatus,
1885 473 1940 502 sol-

1533 522 1589 549 uite
1606 521 1745 558 templum
1761 521 1841 549 dixit.

1494 614 1658 643 Nicodemo
1681 615 1748 644 dicit
1771 615 1806 643 de
1833 615 1940 652 baptis-

1533 668 1617 695 mate,
1640 667 1668 690 et
1693 662 1728 690 de
1755 666 1886 699 serpente
1911 661 1941 689 in

1533 709 1685 737 solitudine
1707 709 1841 744 exaltato,
1857 714 1885 737 et
1905 708 1940 736 de

1534 756 1647 784 lumine.

1494 897 1546 925 III.
1579 897 1659 925 Iesus
1685 897 1713 924 in
1736 897 1843 925 Iudaea
1869 897 1940 934 bap-

1533 945 1606 973 tizat.

1492 991 1528 1019 Et
1544 991 1691 1020 Iohannes
1707 991 1736 1018 in
1751 990 1848 1019 Enno.

1492 1038 1528 1066 Et
1542 1038 1676 1075 discipuli
1688 1038 1827 1067 Iohannis
1843 1038 1941 1066 dicunt

1532 1086 1558 1114 ei
1570 1086 1649 1123 quod
1662 1085 1743 1113 Iesus
1755 1094 1857 1113 omnes
1869 1085 1940 1122 bap-

1533 1133 1629 1160 tizaret
1640 1137 1667 1160 et
1679 1132 1774 1170 plures
1786 1131 1941 1169 discipulos

1532 1180 1645 1208 faceret.

1491 1227 1536 1255 De
1549 1236 1607 1265 quo
1620 1227 1767 1255 Iohannes
1781 1226 1904 1264 loquitur
1913 1230 1941 1254 et

1532 1274 1610 1302 illum
1635 1283 1763 1302 crescere
1788 1282 1819 1301 se
1845 1278 1941 1301 autem

1532 1321 1669 1349 minorari
1685 1321 1759 1349 dicit.

1491 1369 1542 1397 IV.
1565 1368 1610 1396 De
1620 1368 1739 1396 muiiere
1752 1367 1939 1396 Samaritana

1491 1416 1528 1444 Et
1544 1415 1579 1443 de
1595 1424 1688 1443 inesse
1704 1423 1791 1452 quam
1802 1414 1849 1442 alii
1861 1414 1940 1442 labo-

1532 1467 1666 1490 rauerunt
1682 1467 1709 1490 et
1724 1461 1770 1489 alii
1786 1465 1904 1489 metent.

1492 1603 1664 1640 Prophetam
1675 1603 1704 1630 in
1714 1603 1806 1639 patria
1818 1611 1870 1630 sua
1880 1602 1939 1630 sine

1534 1650 1643 1678 honore
1659 1658 1732 1678 esse.

1491 1698 1527 1725 Et
1557 1696 1647 1734 reguli
1676 1696 1765 1724 filium
1797 1706 1814 1724 a
1848 1702 1939 1725 morte

1533 1744 1665 1773 uiuificat.

1490 1838 1524 1867 V.
1558 1838 1603 1866 De
1629 1838 1769 1866 natatoria
1794 1843 1821 1866 et
1847 1846 1939 1875 aquae

371 1961 400 1985 V.
420 1961 491 1985 eiecit
504 1961 579 1984 Harl.
597 1960 680 1983 Thom.
711 1962 789 1984 daret
798 1967 814 1983 ψ
823 1964 845 1984 et
858 1961 934 1984 Harl.

336 1994 414 2018 tribus
427 1994 513 2017 diebus
526 1994 560 2016 H.
595 1993 729 2016 misterium
743 1993 766 2016 Y
778 1993 856 2016 Harl.

370 2026 414 2049 VI.
434 2026 588 2049 manifestare
602 2024 649 2049 H*.

370 2059 429 2083 VII.
448 2059 650 2089 credentemqnae
662 2058 753 2082 Harl.*
765 2066 770 2086 3
787 2058 874 2082 deinde
885 2067 930 2082 om.

337 2094 368 2115 in
382 2092 414 2115 H.

369 2124 441 2147 VIII.
460 2124 605 2147 samaritane
619 2124 669 2147 ΗΥ
682 2124 759 2147 Harl.
784 2123 890 2155 plurimo
903 2124 933 2147 Y.

336 2157 432 2180 mistice
445 2158 520 2180 Harl.

370 2190 455 2213 VIIII.
474 2194 604 2221 aegrotans
618 2189 668 2212 HV
686 2189 769 2212 Tlmm.

369 2223 400 2245 X.
418 2223 519 2253 triginta
534 2226 558 2245 et
574 2226 630 2245 octo
648 2222 740 2250 Thema,
753 2222 878 2245 tricesimo
894 2229 933 2245 oc-

336 2259 394 2279 tauo
407 2256 482 2279 Harl.
518 2254 771 2279 ann0s÷habentem
791 2255 841 2278 HV
858 2255 934 2278 Harl.

340 2288 425 2311 Thoan,

1019 1960 1053 1982 II.
1072 1959 1262 1982 nummularium
1287 1959 1330 1983 O*.
1366 1960 1436 1984 eiecit

987 1992 1038 2015 OEQ)
1056 1992 1139 2015 leom.
1161 1992 1237 2018 >hoc
1250 1992 1370 2023 templum
1383 1993 1435 2016 rell.

986 2028 1014 2048 et
1031 2034 1032 2038 ¹
1049 2025 1078 2048 de
1091 2025 1206 2048 ffolox
1224 2025 1307 2048 leom.

1019 2057 1066 2081 III.
1085 2065 1131 2081 om.
1156 2061 1184 2080 et
1208 2058 1237 2081 O.
1283 2058 1435 2081 iohan.÷in

986 2090 1098 2113 SF'IJOX
1112 2090 1195 2113 Thom.
1218 2090 1279 2113 dixit
1288 2090 1321 2114 1*.
1347 2092 1435 2114 mino-

985 2125 1057 2146 rari:
1082 2123 1114 2146 al.
1127 2123 1205 2146 minui
1221 2127 1259 2154 ap.
1278 2123 1362 2147 lem.

1019 2155 1082 2179 1111.
1099 2163 1142 2178 sna
1154 2156 1273 2179 honorem
1285 2164 1333 2179 non
1347 2156 1436 2179 habere

985 2189 1044 2212 dicit
1069 2188 1137 2212 IOX.
1181 2190 1251 2212 dicit
1267 2195 1281 2211 ÷
1299 2193 1322 2211 et
1348 2189 1435 2212 ΘΙΟΧ

991 2221 1073 2245 Tlmm.
1103 2221 1229 2244 resuscitat
1242 2221 1278 2244 lx
1295 2222 1378 2245 Thom.

1020 2254 1050 2276 V.
1068 2254 1214 2276 natatoriam
1228 2254 1280 2277 rell.
1307 2254 1436 2278 bethsaida

986 2286 1157 2316 ff10(-dau1)O
1174 2286 1258 2309 Tlrom.
