2209 3147
363 248 425 278 300

527 322 628 346 AHVY
635 322 712 346 Harl.
728 326 797 352 2797.

364 368 501 398 LXXVI.
526 368 734 396 Perambulans
752 367 880 396 hiericho
899 376 962 395 zac—

404 417 509 445 cheum
539 416 725 452 publicanum
756 415 881 443 absoluit
915 414 963 451 qui

404 464 482 492 uenit
502 464 615 491 saluum
630 463 724 491 facere
739 462 817 499 quod
834 463 963 500 perierat.
990 493 991 498 ¹

364 557 518 586 LXXVII.
540 557 712 585 Parabolam
723 557 804 593 ponit
814 564 964 584 seruorum

405 605 609 642 accipientium
625 613 642 631 a
658 604 778 632 domino
794 613 846 632 suo
862 604 964 631 decem

404 661 488 680 mnas
511 657 541 679 ut
569 651 784 688 negotiarentur
809 659 844 679 ex
870 651 911 677 eis
936 654 964 677 et

404 700 537 727 inimicos
554 699 635 735 regni
651 699 692 726 sui
708 698 875 735 pronuntiat
892 697 964 734 peri-

404 746 535 774 mendos.

365 841 534 869 LXXVIII.
558 840 651 878 Super
664 840 773 877 pullum
784 840 881 867 asinae
891 839 964 866 sedit

405 888 517 917 cunctis
535 887 697 916 dicentibus
718 897 774 924 pax
794 887 822 914 in
839 886 920 914 caelo
935 891 963 913 et

405 936 497 973 gloria
511 935 541 963 in
556 935 677 963 excelsis
689 940 716 962 et
729 934 764 962 de
778 932 962 971 increpandis

405 982 552 1020 discipulis
575 983 633 1010 suis
659 982 697 1009 ait
723 982 745 1009 si
769 981 797 1008 hi
822 980 963 1008 tacuerint

405 1030 515 1067 lapides
530 1029 704 1058 clamabunt.

365 1077 503 1105 LXXIX.
526 1076 636 1104 Uidens
655 1076 801 1104 ciuitatem
820 1074 898 1102 fleuit
917 1083 963 1101 su-

404 1134 456 1162 per
471 1134 535 1152 eam
553 1124 757 1161 praenuntians
777 1121 963 1149 euertendam

404 1172 440 1200 de
463 1171 572 1208 templo
594 1171 752 1199 uendentes
779 1169 843 1197 eicit
865 1169 963 1197 scribis
989 1207 990 1212 1

405 1219 604 1248 insidiantibus
644 1227 661 1245 a
696 1217 805 1254 populo
845 1216 964 1244 libenter

404 1267 525 1295 auditur.

364 1313 487 1342 LXXX.
512 1313 696 1341 Sciscitantes
706 1311 741 1339 de
752 1315 893 1348 potestate
903 1311 964 1338 eius

406 1361 532 1389 uicissim
549 1361 585 1388 ab
601 1360 796 1395 interrogante
812 1357 847 1386 de
863 1357 963 1386 iohan-

406 1409 450 1436 nis
466 1408 611 1444 baptismo
627 1407 847 1435 conuincuntur.

365 1500 502 1529 LXXXI.
525 1499 697 1527 Parabolam
714 1497 781 1525 dicit
796 1496 832 1524 de
849 1496 965 1524 cultori-

405 1549 459 1576 bus
470 1548 574 1575 uineae
586 1546 634 1583 qui
646 1545 755 1573 domini
768 1544 810 1572 sui
823 1549 851 1572 et
866 1552 965 1572 seruos
991 1581 992 1587 ἵ

405 1601 432 1623 et
449 1595 538 1622 filium
554 1593 729 1622 occiderunt.

367 1781 524 1809 LXXXII.
542 1780 715 1808 Temtantes
731 1779 765 1807 de
781 1779 886 1806 tributo
903 1787 965 1806 cae-

408 1829 478 1856 saris
494 1827 642 1855 reddendo
657 1826 765 1854 denarii
782 1825 966 1862 inscriptione

408 1875 562 1903 conuincit.

367 1922 536 1950 LXXXIII.
571 1920 745 1949 Sadducaeis
784 1919 820 1947 de
855 1924 966 1956 septem

409 1970 528 1998 fratrum
544 1977 634 1996 uxore
650 1967 855 2005 quaerentibus
873 1975 965 1993 resur—

409 2017 568 2045 rectionem
591 2015 677 2043 etiam
702 2014 776 2042 mosi
802 2013 966 2041 testimonio

409 2064 510 2092 firmat.

843 237 893 266 CA
901 237 1069 266 PJTULA
1097 237 1155 266 IN
1173 236 1493 266 EUANGELJUM

1192 320 1271 350 CtT).

1060 366 1245 395 Zaechariarn
1257 367 1413 394 conlaudat
1424 366 1466 394 di-

1099 414 1219 442 midiam
1275 414 1465 441 substantiam

1099 461 1275 498 pauperibus
1321 461 1465 489 hofferen-

1099 514 1166 536 tem.

1059 554 1096 582 Et
1118 555 1333 583 similitudinem
1357 555 1394 582 de
1417 555 1467 583 illo

1099 602 1149 639 qui
1173 602 1275 630 decem
1297 602 1391 629 minas
1412 602 1466 629 hu-

1100 659 1146 677 rus
1170 649 1207 677 ad
1228 658 1352 686 regnum
1374 649 1466 677 seruis

1100 697 1158 724 suis
1187 696 1330 724 distribuit
1365 701 1394 724 et
1430 696 1466 724 de

1099 743 1186 771 exitio
1199 752 1300 771 eorum
1316 743 1364 780 qui
1381 752 1465 771 aeum

1099 800 1197 827 regem
1212 796 1430 818 recusauerunt.

1059 838 1152 875 Super
1199 838 1310 874 pullum
1357 847 1465 874 asynae

1099 886 1179 913 sedit.

1058 1074 1095 1102 Et
1117 1083 1204 1111 super
1225 1074 1315 1102 Ihr1m
1337 1073 1417 1102 fleuit
1438 1078 1466 1102 et

1098 1127 1219 1149 uentura
1235 1122 1278 1149 aei
1294 1121 1440 1158 praedicit.

1058 1169 1103 1196 Ibi
1139 1169 1174 1197 de
1211 1168 1319 1206 templo
1349 1177 1465 1196 mensas

1099 1216 1199 1244 euertit
1237 1221 1263 1243 et
1306 1215 1466 1244 uendentes

1099 1263 1250 1291 columbas
1266 1263 1373 1290 aeiecit.

1059 1310 1230 1338 Pharisaeos
1256 1310 1466 1346 interrogantes

1100 1358 1129 1385 in
1152 1367 1210 1395 qua
1232 1363 1374 1394 potestate
1395 1356 1466 1384 haec

1101 1405 1208 1433 faceret
1246 1405 1280 1432 de
1323 1404 1467 1432 babtismo

1100 1452 1241 1480 Ilioannis
1257 1452 1422 1488 interrogat.

1060 1499 1235 1527 Parabulam
1288 1499 1468 1535 subiungens

1102 1547 1180 1575 aeius
1202 1546 1251 1584 qui
1276 1555 1344 1574 curn
1368 1555 1468 1574 seruos

1101 1594 1227 1622 misisset
1271 1593 1308 1622 ad
1352 1594 1468 1621 uineam

1100 1646 1203 1678 postea
1219 1641 1309 1668 filium
1325 1641 1410 1668 misit.

1059 1687 1096 1716 Et
1115 1688 1151 1716 de
1170 1688 1265 1725 lapide
1285 1688 1322 1715 ab
1344 1687 1467 1715 homini-

1101 1736 1155 1763 bus
1170 1735 1335 1772 reprobato.

1019 1785 1150 1811 XVIII.
1188 1785 1387 1816 Temptatus
1426 1784 1468 1810 de

1101 1831 1231 1858 tributo
1242 1830 1417 1864 respondit:
1426 1831 1468 1857 de

1101 1878 1243 1905 muliere

1060 1924 1127 1961 quia
1143 1929 1255 1960 septem
1268 1923 1347 1951 uiros
1358 1923 1466 1951 habuit.

1520 320 1742 351 Bthbreuesmx
1749 321 1808 344 Par.
1816 321 1870 344 Lat.
1880 321 1965 352 ¹0438·

1519 366 1675 395 zaccheum
1691 367 1847 395 conlaudat

1518 560 1545 583 et
1574 555 1677 583 decem
1706 564 1811 583 narum
1838 555 1967 583 similitu·

1560 602 1658 631 dinem
1673 603 1755 640 ponit

1518 845 1603 873 super
1617 835 1730 874 pullum
1745 836 1843 864 asinae
1860 836 1933 865 sedit

1519 1076 1691 1105 hierusalem
1707 1077 1786 1106 fleuit

1520 1311 1711 1348 interrogatus
1722 1311 1752 1338 in
1762 1319 1820 1348 qua
1829 1315 1970 1347 potestate

1561 1358 1632 1386 haec
1648 1358 1753 1386 faceret
1768 1357 1927 1393 interrogat
1942 1362 1970 1385 et

1561 1405 1622 1442 ipse
1655 1414 1721 1433 cum
1756 1404 1970 1433 similitudinem

1561 1453 1622 1480 eius
1637 1452 1718 1480 cuius
1734 1452 1824 1479 filiurn
1845 1451 1970 1479 cultores

1562 1500 1591 1527 in
1606 1500 1721 1527 uineam
1738 1499 1914 1527 occiderunt.

1522 1784 1634 1812 XVIII.
1650 1783 1802 1812 Temtatus
1814 1783 1850 1812 de
1864 1783 1971 1811 tributo

1562 1831 1712 1869 respondit

401 2182 520 2206 LXXVI.
540 2182 736 2209 publicanum:
755 2178 890 2210 principem
908 2179 968 2209 pub·
994 2167 995 2185 i

368 2216 504 2239 licanorum
519 2215 552 2238 H.

403 2247 535 2271 LXXVII.
559 2247 641 2274 ponit
664 2252 809 2273 seruorum
830 2245 968 2271 accipien-

369 2283 442 2305 tium
455 2281 483 2303 in
497 2280 612 2311 margine
625 2287 669 2301 ,ει-ν.
683 2277 714 2301 V.

403 2313 549 2336 LXXVIII.
569 2311 716 2342 increpantis
728 2310 805 2333 Harl.

403 2346 521 2369 LXXIX.
542 2345 640 2368 ciuitate
654 2344 688 2366 H.
723 2342 793 2366 eiecit
806 2342 856 2365 HV
866 2341 944 2364 Harl.

402 2379 507 2402 LXXX.
527 2386 572 2401 om.
587 2379 621 2400 ab
636 2377 669 2400 H.
705 2375 847 2406 interrogati
860 2374 894 2397 H.

403 2411 549 2435 LXXXIII.
568 2409 741 2434 resurrectione
754 2408 788 2432 H.

1054 2181 1138 2204 XVII.
1173 2183 1201 2203 et
1236 2181 1452 2203 similitudinem
1464 2187 1468 2202 :

1022 2214 1158 2237 similitudo
1194 2213 1279 2236 Tlmm.
1309 2220 1358 2235 mm
1387 2215 1469 2234 autem

1021 2247 1093 2270 Alex.
1127 2254 1163 2276 14.
1214 2247 1278 2268 illo:
1315 2253 1344 2268 eo
1386 2245 1469 2267 lem.

1022 2282 1109 2302 hurus
1120 2288 1124 2302 :
1144 2279 1219 2302 iturus
1232 2278 1315 2301 Tlmm.
1346 2277 1377 2300 ad
1388 2285 1469 2307 regem

1022 2313 1094 2335 Alex.
1108 2319 1144 2335 10.
1180 2312 1265 2334 tribuit
1275 2311 1340 2333 alte»
1348 2311 1420 2333 Alex.
1432 2317 1469 2333 10.

1021 2353 1066 2368 om.
1091 2352 1185 2372 regem
1206 2344 1278 2367 Alex.
1300 2350 1336 2373 14.
1372 2350 1469 2366 accusa<

1021 2381 1106 2401 nerunt
1121 2378 1176 2401 Uat.
1187 2383 1259 2406 4221.
1294 2377 1408 2399 aeiecit:
1427 2375 1469 2398 eii-

1022 2411 1053 2433 cit
1067 2410 1151 2433 Thom.
1166 2417 1215 2432 mm
1227 2412 1309 2432 autem
1323 2409 1395 2431 Alex.
1409 2415 1436 2437 14
1447 2411 1471 2430 ct

1026 2443 1082 2466 L'al.
1093 2449 1164 2472 4221.
1199 2449 1295 2465 seruos
1304 2448 1320 2464 4-
1330 2449 1387 2464 suos
1396 2441 1469 2464 Alsvx.

1025 2482 1059 2505 14.
1090 2476 1269 2498 hominibus:
1283 2473 1469 2498 aedificantibus

994 2502 995 2523 l
1026 2508 1109 2531 Thom.

1556 2173 1639 2197 XVII.
1658 2175 1759 2201 ponit:
1786 2172 1864 2203 aperit
1884 2171 1971 2202 10438.

1530 2212 1547 2229 ψ
1564 2210 1587 2230 et
1609 2210 1666 2229 ante
1692 2207 1861 2229 hierusalem
1884 2204 1972 2227 BoJO

1527 2239 1612 2263 lem.
1654 2241 1723 2262 haee
1745 2239 1867 2261 faceret:
1892 2244 1972 2267 popu-

1523 2272 1575 2294 lum
1603 2272 1702 2295 doceret
1731 2274 1754 2294 et
1786 2271 1856 2301 signa
1884 2269 1972 2293 faceret

1526 2305 1611 2335 10438.
1647 2312 1701 2328 curn
1717 2303 1878 2327 similitudine
1894 2302 1973 2325 Θ.ΙΟρ

1528 2338 1611 2361 Thom.
1647 2339 1679 2360 in
1700 2338 1828 2359 uineam:
1856 2335 1880 2358 in
1901 2335 1972 2358 uinea

1523 2370 1571 2399 Οὓς
1589 2371 1675 2393 uineae
1687 2369 1728 2393 Θ]
1742 2369 1826 2392 leom.
