2209 3147
576 483 893 527 CAPITULA
942 480 1091 521 ALIA
1146 478 1210 518 IN
1269 476 1487 517 LUCAM

714 607 757 627 ex
781 593 946 625 codicibus
969 592 1051 622 Par.
1074 591 1151 620 Lat.
1177 588 1209 618 6⁴¹
1234 593 1265 619 et
1292 594 1363 627 277.

547 751 607 773 Par.
623 749 679 772 Lat.
693 748 726 772 6⁴.

450 807 539 839 Incipit
557 806 679 838 capitulae
696 806 721 829 in
740 805 820 829 lucha.

261 869 284 897 I.
307 868 352 896 De
368 867 499 896 zacharia
519 865 665 894 sacerdote
682 870 708 892 et
726 863 867 892 sacrificio
882 863 944 891 eius
960 884 965 889 .
982 867 1010 889 et

303 916 337 943 de
353 914 458 952 angelo
475 914 580 941 mariae
597 913 701 941 locuto.

262 963 301 991 II.
323 961 381 990 Ubi
401 961 491 989 maria
510 960 546 988 ad
566 958 724 987 helisabeth
745 958 824 986 uenit
841 962 868 985 et
887 956 1009 993 prophe-

303 1009 373 1037 tauit
388 1013 414 1036 et
430 1008 465 1036 de
480 1007 614 1036 iohannis
634 1006 780 1034 natiuitate
797 1026 802 1032 .
818 1009 846 1032 et
861 1003 1010 1031 zachariae

303 1053 462 1092 prophetia.

265 1242 318 1271 III.
354 1241 398 1270 De
428 1240 612 1277 discriptione
641 1238 753 1275 augusti
780 1259 785 1265 .
811 1242 839 1265 et
868 1236 1013 1264 natiuitate

305 1290 334 1317 in
349 1288 492 1317 bethleem
508 1309 514 1315 .
529 1292 556 1315 et
571 1287 606 1315 de
622 1285 792 1323 pastoribus.

267 1429 337 1458 1111.
359 1429 404 1457 De
428 1428 555 1456 simeone
575 1433 603 1455 et
622 1436 698 1455 anna
716 1426 745 1454 in
767 1425 875 1462 templo
891 1424 1014 1462 prophe-

309 1477 440 1505 tantibus.

270 1618 306 1646 V.
328 1618 372 1646 De
392 1617 440 1645 ihu
455 1616 534 1654 quod
557 1624 700 1644 annorum
716 1613 870 1642 duodecim
893 1612 1018 1640 seniores

311 1665 434 1693 docebat
449 1670 475 1692 et
490 1663 658 1701 proficiebat
674 1661 815 1699 sapientia
829 1666 859 1688 et
874 1664 973 1687 aetate.

269 1712 322 1741 VI.
345 1712 389 1739 De
411 1711 505 1740 iohnis
527 1709 731 1748 predicacione
755 1708 800 1736 uel
822 1707 967 1744 baptismo
991 1705 1019 1732 in

310 1759 437 1788 iordane.

271 1853 338 1882 VII.
360 1852 405 1880 De
428 1852 477 1880 ihu
499 1851 643 1888 baptizato
660 1872 666 1878 .
682 1855 709 1878 et
730 1848 928 1887 generacionis
950 1846 1021 1874 serie

312 1909 404 1938 usque
420 1899 456 1927 ad
473 1899 558 1927 adam
575 1920 580 1926 .
595 1904 623 1926 et
638 1896 826 1934 temptatione
841 1895 868 1923 in
884 1894 1007 1922 deserto.

272 1947 355 1976 VIII.
379 1940 449 1975 IHS
471 1946 498 1973 in
522 1944 657 1973 nazareth
681 1944 853 1980 sinagogam
877 1942 1021 1979 ingressus

314 1994 421 2022 esaiam
444 1992 511 2030 legit
534 2015 539 2021 .
561 1997 588 2020 et
610 1991 678 2029 quia
700 1999 787 2018 nemo
809 1989 952 2027 propheta
974 1997 1021 2016 ac-

314 2046 413 2078 ceptus
428 2044 471 2068 est
487 2040 515 2067 in
532 2039 623 2076 patria
638 2047 697 2066 sua.

275 2088 374 2116 VIIII.
397 2087 431 2115 In
447 2086 611 2124 capharnau
634 2084 782 2113 hominem
803 2084 831 2111 in
852 2083 1022 2119 sinagogam

316 2145 332 2164 a
344 2135 499 2163 daemonio
517 2133 615 2161 liberat
628 2154 634 2159 .
648 2137 675 2159 et
690 2140 804 2160 socrum
821 2130 893 2167 petri
909 2139 925 2157 a
938 2129 1022 2157 febri—

316 2183 369 2210 bus
385 2186 466 2209 sanat
483 2203 486 2207 .
503 2185 531 2208 ct
545 2180 653 2207 multos
668 2178 706 2206 ibi
721 2183 808 2206 curat.

276 2229 312 2258 X.
336 2228 447 2256 Sedens
472 2228 500 2255 in
526 2226 660 2255 nauicula
686 2226 784 2253 turbas
800 2224 884 2252 docet
910 2246 914 2251 .
936 2229 963 2252 et
987 2223 1023 2251 de

317 2280 434 2313 captura
448 2275 569 2312 piscium
584 2274 633 2301 ubi
649 2279 730 2310 petro
746 2272 812 2299 dicit
825 2293 831 2299 .
847 2280 882 2299 ex
899 2271 954 2299 hoc
970 2271 1024 2298 eris

318 2322 449 2350 homines
464 2322 589 2358 capiens.

279 2416 331 2444 XI.
354 2415 403 2443 Ihs
417 2415 560 2451 leprosum
579 2413 700 2441 mundat
715 2413 760 2441 cui
779 2412 849 2440 dixit
868 2411 942 2439 uade
960 2410 1025 2439 hos-

320 2462 403 2490 tende
426 2467 452 2489 te
475 2460 672 2489 sacerdotibus
692 2482 697 2487 .
721 2460 749 2487 in
770 2459 883 2486 deserto
898 2463 961 2486 orat
978 2479 982 2484 .
999 2462 1026 2485 et

1340 740 1399 763 Par.
1413 740 1468 762 Lat.
1484 743 1536 768 277.

1356 798 1407 820 Ine.
1427 795 1544 827 capitula.

1062 860 1084 887 I.
1108 858 1264 886 Zacharias
1292 857 1356 884 uiso
1383 855 1487 892 angelo
1512 854 1580 891 quia
1610 862 1670 881 non
1696 851 1815 880 credidit

1103 905 1247 934 obmutuit
1265 926 1270 931 .
1286 902 1433 939 elysabeth
1448 910 1522 929 uxor
1537 901 1596 928 eius
1613 899 1753 936 concepit.

1063 953 1101 981 II.
1124 952 1218 980 Maria
1237 959 1353 988 quoque
1374 949 1408 977 de
1429 948 1527 985 spiritu
1550 950 1600 975 sco
1620 955 1686 974 cum
1709 954 1814 973 conce-

1105 1000 1192 1037 pisset
1208 998 1340 1026 salutauit
1357 995 1512 1033 elysabeth.

1064 1047 1118 1075 III.
1140 1044 1289 1074 Elisabeth
1309 1044 1431 1072 salutata
1449 1041 1633 1079 prophetauit
1655 1045 1683 1068 et
1705 1039 1815 1077 peperit

1105 1098 1133 1122 et
1161 1098 1191 1121 ut
1221 1100 1329 1120 nomen
1358 1090 1406 1118 filii
1436 1089 1478 1117 sui
1504 1088 1640 1116 iohannis
1671 1086 1816 1115 zacharias

1105 1140 1217 1177 scripsit
1233 1139 1344 1167 locutus
1361 1143 1403 1165 est
1419 1146 1451 1164 ac
1468 1136 1558 1163 filium
1573 1134 1734 1172 preiturum
1750 1138 1815 1160 ante

1107 1187 1258 1216 dominum
1275 1184 1477 1222 prophetauit.-

1066 1235 1135 1263 IIII.
1159 1234 1263 1262 Postea
1278 1241 1364 1269 quam
1386 1230 1497 1268 peperit
1518 1229 1608 1256 maria
1630 1228 1689 1256 ihm
1708 1228 1737 1255 in
1753 1236 1818 1264 pre-

1107 1281 1188 1318 sepio
1204 1280 1300 1317 posuit
1312 1287 1398 1315 quem
1414 1282 1544 1314 pastores
1560 1276 1638 1303 iuxta
1648 1274 1818 1311 angelorum

1107 1328 1214 1356 indicia
1228 1326 1378 1354 inueniunt
1394 1325 1501 1362 quique
1518 1328 1621 1351 octaua
1637 1323 1681 1351 die
1698 1322 1819 1349 circum-

1109 1375 1218 1403 ciditur.

1070 1422 1104 1450 V.
1141 1421 1259 1449 Simeon
1289 1420 1378 1447 iustus
1410 1421 1481 1455 xpm
1510 1417 1644 1444 manibus
1672 1420 1821 1452 sumptum

1109 1468 1260 1497 benedicit.

1070 1517 1121 1545 VI.
1144 1516 1229 1543 Anna
1258 1514 1439 1551 prophetissa
1470 1511 1557 1539 uidua
1586 1510 1675 1538 multa
1699 1510 1735 1538 de
1760 1511 1820 1545 xpo

1111 1563 1272 1600 prophetat.

1071 1611 1137 1638 VII.
1161 1610 1210 1638 Ihs
1232 1617 1374 1637 annorum
1397 1606 1553 1635 duodecim
1573 1605 1603 1632 in
1624 1604 1733 1640 templo
1753 1612 1821 1632 cum

1112 1657 1280 1686 doctoribus
1295 1655 1366 1692 legis
1382 1655 1518 1682 inuentus
1533 1653 1562 1680 in
1578 1651 1705 1689 patrisse.

1072 1705 1155 1733 VIII.
1185 1704 1273 1732 Anno
1309 1703 1410 1739 quinto
1447 1700 1560 1728 decimo
1589 1698 1689 1735 tyberii
1717 1698 1821 1726 cesaris

1112 1752 1201 1789 pilato
1226 1750 1339 1778 iudeam
1362 1752 1535 1786 procurante
1556 1767 1563 1775 .
1585 1745 1727 1773 iohannes
1749 1745 1820 1781 bap-

1113 1799 1179 1827 tista
1190 1797 1383 1835 penitenciam
1398 1794 1537 1832 predicat.

1073 1846 1125 1874 IX.
1147 1845 1260 1873 Ductus
1281 1844 1310 1871 in
1330 1843 1475 1871 desertum
1494 1840 1537 1868 ihs
1557 1839 1747 1877 quadraginta
1764 1838 1821 1866 die-

1113 1893 1168 1920 bus
1187 1891 1323 1920 ieiunauit
1339 1911 1345 1918 .
1361 1894 1388 1918 et
1404 1889 1438 1917 de
1455 1888 1540 1915 diabo
1554 1890 1709 1923 temptatus
1724 1885 1799 1913 uicit.

1078 2410 1113 2437 X.
1144 2408 1336 2445 paralyticum
1363 2407 1513 2436 dimissum
1539 2415 1589 2443 per
1613 2409 1721 2432 tectum
1744 2401 1786 2430 ihs
1810 2411 1826 2429 a

1118 2456 1242 2492 peccatis
1260 2460 1287 2483 et
1303 2455 1339 2482 ab
1355 2454 1518 2482 infirmitate
1534 2453 1641 2480 liberat.

313 2558 332 2580 1.
351 2559 462 2580 locuto:
480 2556 563 2579 locoto
576 2559 631 2586 vap.

314 2590 361 2613 ΙΙΙ,
379 2590 576 2616 discriptione:
595 2587 768 2618 scuscriptione
781 2590 837 2617 mp.

313 2622 359 2646 XI.
377 2622 568 2646 sacerdotibus
580 2629 585 2644 :
604 2620 723 2643 sacerdoti
735 2623 757 2642 et
769 2627 815 2642 cor.

1111 2550 1168 2573 VII.
1190 2551 1308 2577 patrisse
1329 2550 1364 2572 ila
1385 2549 1473 2576 indm-.-
1501 2550 1577 2570 setara
1600 2545 1782 2572 desiderantur,
1803 2551 1826 2566 u.

1079 2584 1097 2607 C
1115 2582 1304 2614 (T1ad2m76.

1112 2616 1156 2639 lx.
1177 2617 1261 2639 diabo
1278 2615 1313 2637 ila
1326 2614 1402 2637 sodes.
