2209 3147
306 261 397 290 xxm.
409 253 522 296 30—44.]

349 349 410 379 ego
426 348 498 369 sum
515 338 617 369 nolite
633 338 747 367 timere

269 396 295 415 3⁷
306 390 491 421 conturbati
507 399 584 420 uero
601 393 634 419 et
650 389 816 419 conterriti

305 440 542 472 existimabant
557 451 591 470 se
607 440 754 479 spiritum
771 440 882 470 uidere

268 497 293 516 ³⁸
305 498 336 523 et
353 493 439 523 dixit
456 492 503 522 eis
519 492 599 531 quid
615 491 738 522 turbati
756 492 832 522 estis

304 549 337 575 et
353 544 568 583 cogitationes
584 543 764 573 ascendunt

347 595 379 625 in
396 595 495 625 corda
511 597 643 624 uestra?

266 646 292 665 ³⁹
306 646 413 677 uidete
431 656 546 676 manus
565 656 656 676 meas
672 650 703 676 et
721 646 821 685 pedes

347 698 425 738 quia
440 698 509 738 ipse
526 708 588 737 ego
604 708 677 727 sum

304 749 438 789 palpate
454 754 488 780 et
504 749 613 780 uidete
628 749 704 788 quia
720 748 852 788 spiritus

348 811 479 831 carnem
497 806 529 831 et
546 811 621 831 ossa
637 811 703 830 non
720 801 819 831 habet

304 853 388 883 sicut
405 863 457 883 me
474 853 592 883 uidetis
608 853 729 882 habere

656 253 973 282 EUANGELJCM
992 251 1250 281 SECUNDUM
1272 252 1298 279 L
1307 252 1387 281 UCA
1394 251 1442 281 M.

1747 253 1806 289 481

1073 335 1100 352 ⁴¹⁰
1111 341 1144 366 et
1160 346 1235 366 cum
1252 336 1313 366 hoc
1330 336 1468 366 dixisset

1153 388 1295 417 ostendit
1313 387 1358 417 eis
1376 397 1492 417 manus
1508 392 1540 417 et
1560 387 1670 426 pedes.

1072 437 1202 462 4¹(341·⁹)
1224 438 1346 468 Adhuc
1369 443 1480 469 autem
1504 438 1567 468 illis
1590 448 1654 468 non
1676 439 1809 469 creden-

1153 490 1240 520 tibus
1277 494 1310 520 et
1342 489 1537 520 mirantibus
1575 499 1650 528 prae
1688 490 1810 529 gaudio

1154 541 1238 572 dixit

1110 592 1240 623 habetis
1256 592 1309 622 hic
1325 592 1447 632 aliquid
1463 593 1553 632 quod
1570 593 1810 623 manducetur?

1074 640 1100 659 ‘³2
1110 648 1144 674 at
1160 643 1204 673 illi
1222 643 1411 684 optulerunt
1428 644 1456 674 ei
1468 650 1596 684 partem

1155 695 1252 735 piscis
1269 695 1333 726 assi
1350 701 1383 726 et
1399 695 1511 726 fanum
1528 696 1634 726 mellis

1073 744 1101 763 ‘²3
1112 752 1144 777 et
1161 757 1236 777 cum
1253 748 1481 778 manducasset
1498 758 1609 778 coram

1155 799 1200 829 eis
1217 809 1348 829 sumens
1365 799 1517 838 reliquias
1533 799 1624 830 dedit
1640 799 1694 829 eis.

1073 849 1172 873 ww.
1187 848 1221 874 ¹⁰)
1240 850 1284 880 Et
1305 851 1391 881 dixit
1407 851 1449 881 ad
1466 861 1522 881 eos

304 980 396 1008 uobis.
435 989 491 1016 ego
512 989 575 1008 sum
596 980 683 1008 nolite
704 980 813 1008 timere.

850 978 1043 1007 ”conturbati
1067 987 1137 1006 uero
1159 984 1187 1005 et
1208 979 1361 1006 conterriti.

1402 979 1603 1007 existimabant
1626 988 1655 1007 se
1679 979 1810 1016 spiritum

302 1026 409 1055 uidere.
442 1027 464 1042 ³³
473 1032 501 1055 et
517 1027 588 1055 dixit
604 1027 652 1055 eis.
683 1026 752 1064 quid
768 1026 872 1054 turbati
886 1025 954 1053 estis
970 1029 998 1053 et
1013 1033 1101 1061 quare
1117 1024 1308 1061 cogitationes
1323 1026 1483 1054 ascendunt
1498 1027 1528 1054 in
1543 1026 1680 1054 cordibus
1696 1027 1808 1055 uestris.

303 1073 325 1089 ⁸³
335 1074 429 1101 uidete
444 1082 548 1101 manus
563 1082 642 1102 meas
657 1078 685 1101 et
700 1073 789 1110 pedes
805 1073 872 1110 quia
887 1081 943 1108 ego
958 1080 1022 1099 sum
1037 1071 1106 1108 ipse.
1136 1071 1250 1108 palpate
1267 1078 1294 1100 et
1306 1073 1407 1101 uidete.
1437 1073 1504 1110 quia
1520 1074 1634 1110 spiritus
1650 1083 1767 1102 earnem
1783 1079 1813 1102 et

305 1129 371 1148 ossa
386 1129 446 1148 non
460 1120 554 1148 habet.
591 1120 661 1148 sicut
676 1129 723 1148 me
741 1120 845 1148 uidetis
866 1119 982 1146 habere.

1017 1118 1039 1133 ⁴⁰
1049 1123 1076 1146 et
1096 1127 1164 1146 cum
1184 1118 1240 1147 hoc
1263 1119 1389 1148 dixisset.
1426 1121 1551 1149 ostendit
1572 1121 1612 1149 eis
1634 1130 1747 1149 manus.
1785 1126 1813 1149 et

304 1166 403 1204 pedes.
438 1165 458 1181 ⁴¹
469 1167 562 1195 adhuc
582 1174 678 1194 autem
698 1175 758 1195 non
777 1166 960 1195 credentibus
980 1165 1034 1192 illis
1054 1174 1121 1201 prae
1141 1165 1256 1202 gaudio.
1293 1172 1321 1194 et
1340 1167 1510 1195 mirantibus
1527 1167 1597 1195 dixit
1614 1168 1664 1196 eis.
1701 1168 1813 1196 habetis

305 1213 352 1242 hic
367 1213 473 1251 aliquid
488 1214 568 1250 quod
584 1214 780 1242 manducetur.
815 1213 835 1228 ⁴¹²
846 1218 873 1240 at
889 1212 927 1240 illi
945 1211 1112 1240 obtulerunt
1131 1212 1165 1239 ei.
1203 1218 1314 1249 partem
1334 1214 1419 1250 piscis
1439 1215 1505 1242 assi.
1542 1220 1569 1242 et
1589 1214 1690 1242 fauum
1711 1215 1812 1243 mellis.

305 1259 327 1275 ⁴³
337 1265 363 1289 et
378 1260 524 1298 accipiens
539 1270 639 1289 coram
654 1260 723 1298 ipsis
738 1260 934 1288 manducauit.
964 1259 985 1274 ¹¹²
995 1264 1022 1286 et
1038 1258 1109 1286 dixit
1123 1259 1160 1287 ad
1176 1268 1235 1288 eos.
1266 1260 1336 1289 haec
1352 1266 1418 1289 sunt
1433 1262 1521 1289 uerba
1533 1271 1607 1299 quae
1620 1262 1733 1290 locutus
1749 1271 1813 1290 sum

340 1384 379 1414 36.
398 1386 480 1408 dum:
510 1385 574 1408 Cum
598 1384 629 1408 V.
675 1392 719 1408 om.
747 1387 841 1407 autem
869 1392 917 1407 cor.
941 1382 1009 1406 naa*

309 1427 337 1451 >
364 1427 446 1447 autem
469 1423 530 1447 haec
553 1423 630 1446 ETW
655 1431 692 1454 vg.
741 1424 854 1447 locuntur
877 1422 993 1446 ACERY
1004 1429 1009 1449 ;

306 1463 463 1494 loquerentur
479 1463 555 1486 ΘΜΤ
567 1471 578 1485 c
595 1471 614 1487 e.
649 1464 724 1486 iesus
742 1464 840 1486 stetit:
863 1466 889 1489 >
904 1466 932 1485 st.
945 1462 1010 1484 iesus

307 1509 345 1532 vg.
358 1502 408 1525 edd.
421 1505 473 1525 ant.
486 1510 491 1530 ;
510 1506 533 1525 et
551 1502 604 1533 ipse
622 1506 650 1525 st.
664 1502 705 1525 ies.
719 1502 747 1527 E.
760 1502 812 1532 ipse
825 1501 866 1524 ies.
880 1506 908 1524 st.
922 1501 942 1529 δ,
956 1501 1009 1531 ipse

307 1541 423 1564 dominus
435 1545 464 1564 st.
477 1549 496 1569 c,
510 1548 565 1564 ecce
577 1540 601 1565 d.
614 1546 644 1563 st.
658 1548 687 1566 νς
705 1541 758 1571 ipse
774 1540 840 1563 stetit
853 1548 868 1563 a
880 1540 893 1563 b
905 1539 923 1562 d
932 1548 942 1563 ε
953 1539 988 1570 ffl
1001 1539 1011 1561 l

309 1581 344 1609 (et
360 1579 423 1610 ipse)
441 1583 463 1603 et
479 1588 525 1603 om.
538 1579 620 1608 ιἠσοῦς
633 1579 724 1603 NBDL
737 1579 798 1602 min.
834 1580 904 1602 dicit
918 1577 1008 1608 (λέγει)

309 1618 372 1642 codd.
387 1626 432 1649 vg,
446 1618 528 1642 dicitis
546 1618 592 1641 M:
613 1618 675 1641 dixit
694 1618 874 1641 CDEHQRW
888 1617 933 1647 cf.
967 1625 1009 1640 uo-

308 1654 405 1681 biscum
419 1657 526 1680 DEvaR
539 1665 557 1680 c.
592 1665 639 1680 om.
653 1660 681 1680 et
693 1658 764 1680 dicit
783 1675 788 1679 .
808 1675 813 1680 .
833 1676 838 1680 .
858 1658 957 1679 timere
970 1664 985 1678 a
998 1655 1011 1678 b

309 1696 386 1728 deffi
399 1696 501 1719 lrcum
514 1704 554 1727 gr.
571 1697 594 1719 D
613 1696 692 1719 Tz'sclz.
711 1696 738 1719 T.
755 1696 782 1719 G.
796 1696 826 1724 S;
844 1704 890 1718 om.
903 1703 954 1723 ego
967 1713 972 1717 .
986 1713 991 1718 .
1005 1712 1011 1718 .

309 1737 409 1758 timere
423 1736 435 1757 δ
447 1743 502 1758 cum
516 1742 556 1765 gr.
564 1735 637 1765 plur.
655 1735 692 1757 W.
706 1735 742 1757 H.
757 1735 814 1765 (qui
829 1738 852 1758 et
869 1733 906 1757 καὶ
920 1737 944 1756 λ.
956 1733 1010 1757 αὐτ.

310 1774 352 1804 εἶρ.
366 1774 421 1802 ὑμῖν
433 1774 504 1797 uncis
517 1774 672 1803 includunt).

344 1818 381 1843 37.
400 1815 560 1837 conturbati
585 1812 749 1843 (πτοηθέντες)
767 1822 772 1836 z
796 1813 887 1836 turbati
905 1821 916 1835 c
934 1820 952 1840 e,
971 1820 1011 1835 ex-

310 1852 387 1876 territi
404 1861 428 1880 a,
447 1857 564 1883 pauerunt
581 1853 604 1875 d.
639 1854 786 1876 conterriti
806 1851 921 1883 (ἔμφοβοι
942 1851 1011 1881 ’γενύ-

310 1891 387 1921 μενοι)
399 1899 404 1914 :
423 1892 543 1922 perterriti
556 1892 579 1915 G
592 1892 604 1914 δ
616 1892 650 1922 (4-
659 1891 726 1921 faeti)
737 1900 742 1920 ;
758 1892 865 1915 exterriti
877 1891 911 1919 F;
924 1891 1013 1914 timore

310 1930 456 1961 adprehensi
476 1938 499 1959 a,
521 1934 538 1954 t.
559 1931 619 1954 tacti
640 1931 663 1957 d,
686 1931 711 1953 in
736 1931 849 1954 timorem
869 1931 937 1953 missi
962 1938 973 1953 c
992 1938 1012 1953 e.

310 1971 510 1993 existimabant
533 1970 596 1993 codd.
620 1970 653 2000 (et
674 1970 696 1992 A
718 1978 767 1993 non
787 1969 869 1999 -bunt)
891 1977 945 2000 vg:
972 1977 1011 1993 ex-

310 2009 459 2032 istamabant
477 2009 509 2037 D,
529 2009 654 2032 exaestim.
674 2009 715 2038 NT,
735 2009 857 2032 aexistirn.
870 2009 905 2035 C;
930 2009 1011 2031 existi·

310 2052 378 2071 mant
391 2048 424 2076 Z;
442 2048 561 2079 putabant
574 2056 589 2070 a
601 2048 620 2070 d
634 2057 654 2076 r,
668 2052 764 2071 -uerunt
782 2056 793 2071 c
810 2056 828 2071 e.
863 2049 1011 2075 spiritum:

310 2087 431 2110 fantasma
443 2087 466 2110 d.

344 2125 382 2155 38.
401 2127 456 2148 eis:
483 2125 534 2148 illis
555 2126 606 2148 ER.
641 2126 780 2149 conturbati
800 2126 828 2148 ΞΡ
848 2129 902 2156 gal.
921 2125 944 2148 d.
981 2128 1011 2148 et

310 2173 352 2188 sec.
364 2174 370 2188 z
389 2171 488 2195 ÷quare
500 2165 572 2195 DEQ
580 2169 632 2195 gat.
646 2173 661 2188 a
673 2165 686 2188 b
698 2173 708 2188 c
720 2166 775 2195 dgut
788 2165 938 2196 quid)e(om.
953 2164 1018 2195 ems

303 2204 340 2235 ffi
352 2203 363 2227 l
373 2205 385 2226 δ
397 2212 453 2227 αιιν.
465 2211 505 2234 gr.
517 2204 604 2235 plur.;
629 2211 647 2228 ÷
662 2205 719 2235 quid
740 2204 845 2235 (Ecntl.)
865 2212 919 2227 cum
935 2212 974 2235 gr.
988 2213 1011 2226 τι

312 2242 362 2266 BA²
374 2246 397 2266 et
410 2243 475 2267 Tert.
510 2243 660 2267 hascendunt
672 2243 701 2272 C,
715 2244 845 2267 ascendent
858 2244 891 2269 Z:
909 2244 1011 2267 ascend-

311 2286 381 2305 erunt
390 2281 564 2311 DEOEPWJQR
574 2290 630 2305 aur.
655 2284 739 2306 eorde¹
751 2286 845 2306 uestra.
853 2283 916 2305 codd.
930 2282 1012 2311 (corde

312 2321 346 2351 R)
360 2325 383 2344 et
394 2328 432 2351 vg.
444 2329 449 2344 :
468 2321 541 2344 eorde
552 2325 633 2344 uestro
646 2321 705 2344 Eam
711 2325 764 2352 gat.
776 2330 791 2344 a
804 2322 816 2344 b
829 2330 839 2345 c
851 2330 862 2345 e
871 2321 906 2353 βξ.
920 2321 931 2344 l
940 2325 962 2344 εί
970 2329 1010 2351 gr.

312 2360 450 2392 A*(?)BD;
470 2360 584 2383 cordibus
601 2361 687 2384 uestris
699 2361 721 2384 O
731 2361 755 2392 f
766 2369 824 2384 aur.
836 2368 877 2391 gr.
891 2360 1012 2386 NA¹LX1⁸

312 2403 353 2423 etc.

346 2445 384 2469 39.
402 2446 448 2461 om.
461 2446 536 2461 meas
549 2438 595 2468 2³²(
604 2444 621 2462 4-
630 2438 678 2468 2¹).
710 2440 795 2466 pedes
804 2445 821 2462 4-
829 2446 897 2461 meos
908 2438 1014 2461 DESva

312 2478 369 2501 RW
382 2485 397 2500 α
410 2477 423 2500 b
434 2477 490 2509 dff2
503 2478 538 2500 ἰν
551 2478 624 2508 figat.
638 2481 708 2508 etgr.
735 2486 781 2501 om.
794 2479 854 2505 ipse
867 2478 899 2501 X.
929 2482 956 2505 >
967 2485 1014 2508 ego

312 2518 365 2548 ipse
377 2523 415 2547 vg.
428 2524 439 2539 c
450 2516 470 2539 d
478 2524 498 2540 e.
527 2517 639 2543 palpate
654 2515 838 2546 (ψηλαφήσατε)
852 2525 856 2540 z
875 2520 977 2540 tractate
990 2524 1012 2539 a.

313 2556 386 2579 hossa
409 2555 438 2578 C.
473 2563 519 2579 om.
543 2563 602 2578 non
622 2555 651 2578 E.
685 2555 742 2579 abet
763 2556 791 2579 C.
825 2557 927 2579 habere
938 2564 944 2579 :
971 2555 1014 2578 ha-

313 2595 411 2617 bentem
425 2594 447 2617 R
459 2603 475 2617 α
487 2602 498 2617 c
509 2594 548 2617 de
561 2602 576 2617 r
588 2595 600 2616 δ
613 2596 682 2624 etgr.
696 2593 794 2623 ἔχοντα.

346 2640 386 2664 40.
405 2641 480 2664 quum
501 2634 532 2657 Θ.
576 2635 628 2656 hoc
640 2642 644 2657 z
674 2640 719 2656 om.
744 2632 765 2655 Y
776 2641 782 2662 5
810 2632 871 2656 haec
896 2634 939 2658 F&-
962 2633 1012 2657 cdd.

1112 1383 1214 1407 Hailbr.
1231 1383 1302 1414 1476,
1320 1384 1391 1407 le'lcl
1408 1385 1478 1415 1481,
1496 1385 1584 1408 lsesler
1601 1386 1670 1416 1487,
1685 1385 1817 1416 Paganini

1114 1427 1185 1453 1497,
1198 1423 1300 1446 Erasm.
1315 1430 1392 1453 1523;
1410 1424 1453 1447 sed
1464 1432 1505 1454 gr.
1524 1424 1605 1447 τοῦτο.
1640 1425 1703 1448 host.
1721 1424 1749 1448 C.
1785 1428 1813 1447 et

1111 1468 1153 1483 sec.
1166 1469 1212 1484 om.
1227 1462 1254 1485 F.
1289 1470 1335 1485 om.
1352 1470 1417 1486 uers.
1434 1471 1449 1485 a
1467 1463 1480 1485 b
1497 1463 1515 1486 d
1529 1463 1586 1494 effi
1603 1463 1614 1486 l
1629 1471 1645 1486 r
1661 1471 1715 1486 cum
1729 1470 1769 1493 gr.
1789 1464 1813 1486 D

1118 1500 1142 1522 T
1140 1500 1197 1524 isclz.
1215 1501 1242 1524 T.
1259 1501 1286 1524 G.
1301 1502 1314 1524 8
1326 1509 1332 1529 ;
1351 1502 1422 1524 uncis
1434 1502 1570 1525 includunt
1585 1502 1623 1526 JV.
1637 1502 1674 1525 H.

1146 1545 1184 1568 41.
1208 1539 1271 1562 aduc
1294 1539 1339 1568 O*‚
1364 1541 1438 1564 athuc
1466 1541 1548 1564 FMY.
1594 1549 1639 1564 om.
1664 1542 1722 1564 illis
1750 1540 1814 1564 DR*

1115 1578 1149 1607 (ψ
1166 1578 1240 1608 sam).
1275 1587 1330 1602 cum
1349 1597 1354 1602 .
1373 1597 1379 1603 .
1399 1597 1404 1602 .
1423 1580 1547 1603 crederent
1565 1583 1589 1603 et
1607 1581 1756 1604 mirabantur
1775 1588 1787 1603 c
1803 1588 1815 1603 ε

1114 1617 1322 1648 (admirarentur).
1352 1620 1531 1642 credentibus
1543 1627 1548 1642 :
1568 1626 1585 1643 ÷
1594 1620 1616 1642 ei
1625 1623 1676 1649 gat.
1687 1628 1692 1648 ;
1712 1626 1729 1643 4-
1738 1620 1772 1642 eis
1785 1620 1814 1643 E.

1113 1656 1291 1680 mirabantibus
1315 1657 1350 1685 F;
1379 1658 1532 1688 stupentibus
1554 1666 1576 1681 a.
1615 1666 1658 1689 pre
1681 1658 1748 1682 DW.
1786 1662 1815 1681 et

1113 1697 1174 1718 nu'r.
1187 1703 1253 1722 prae
1272 1704 1333 1723 gau.
1349 1696 1399 1726 (καὶ
1412 1696 1580 1726 θαυμαζόντων
1592 1697 1639 1719 ἀπὸ
1652 1697 1694 1726 τῆς
1706 1696 1781 1727 χαρᾶς
1791 1697 1815 1719 Α

1116 1741 1169 1763 130.
1184 1735 1241 1764 382)
1254 1743 1258 1758 z
1280 1740 1307 1762 >
1318 1739 1340 1759 et
1353 1743 1410 1766 prae
1422 1744 1478 1766 gau.
1493 1737 1547 1759 mir.
1561 1737 1581 1759 E
1592 1744 1597 1764 ;
1614 1740 1640 1763 >
1652 1744 1710 1767 prae
1722 1744 1778 1766 gau.
1791 1740 1815 1758 et

1114 1774 1168 1796 mir.
1183 1777 1234 1804 gat.
1253 1774 1302 1804 df
1314 1782 1329 1797 r
1346 1775 1358 1796 δ
1375 1778 1398 1797 et
1410 1782 1450 1805 gr.
1465 1775 1556 1799 &BDL
1571 1776 1604 1798 al.
1620 1775 1689 1806 plur.
1725 1776 1814 1798 dixit:

1120 1819 1137 1835 4-
1146 1813 1177 1835 ad
1191 1821 1232 1836 eos
1244 1820 1263 1841 e,
1272 1820 1289 1836 ÷
1298 1813 1329 1836 ad
1341 1821 1383 1836 eos
1396 1814 1460 1837 iesus
1471 1822 1489 1837 c.
1527 1816 1637 1842 aliquid
1649 1823 1654 1837 z
1672 1814 1774 1845 aliquod
1784 1814 1814 1837 T.

1117 1856 1143 1878 >
1157 1851 1250 1882 aliquid
1269 1852 1309 1875 hie
1322 1853 1345 1875 D
1359 1853 1372 1875 l>
1384 1861 1406 1883 q.
1441 1855 1518 1880 quod
1537 1854 1660 1884 (exputat.
1675 1853 1723 1883 3³⁶)
1738 1861 1814 1876 man-

1114 1892 1248 1914 ducetur:
1273 1898 1296 1922 q.
1315 1891 1491 1915 manducemus
1511 1893 1537 1921 J,
1557 1900 1580 1923 q.
1600 1893 1752 1915 manducetis
1772 1892 1815 1921 H;

1114 1936 1137 1960 q.
1155 1929 1228 1952 edam
1246 1930 1267 1952 E
1285 1938 1300 1952 a
1320 1930 1460 1961 (edamus);
1483 1931 1632 1954 manducare
1649 1931 1669 1954 d
1682 1940 1694 1954 e
1706 1931 1741 1962 ffi
1760 1931 1771 1954 l
1786 1939 1815 1959 r;

1114 1968 1180 1999 quod
1193 1969 1340 1993 manducare
1352 1977 1374 2000 q.

1147 2014 1187 2037 42.
1206 2010 1369 2034 optulerunt
1378 2009 1640 2039 AFGHIMNTOQm.
1654 2009 1725 2040 tfin.
1739 2002 1815 2039 Oss')Q

1114 2046 1182 2069 VYZ
1194 2055 1199 2070 :
1216 2047 1267 2070 obt.
1279 2047 1545 2077 BEFCQobNJDEl-'OJ
1551 2048 1658 2071 KTWX
1668 2056 1716 2079 vg,
1726 2048 1814 2072 obtull.

1114 2085 1173 2111 ER;
1191 2090 1349 2116 porrexerunt
1361 2094 1376 2109 a
1388 2087 1426 2110 de
1439 2094 1459 2109 r.
1495 2088 1521 2110 ei
1533 2095 1538 2110 ι
1557 2087 1595 2110 ini
1608 2087 1640 2110 G.
1674 2089 1745 2111 assi:
1765 2094 1782 2111 ÷
1791 2091 1815 2111 et

1113 2129 1273 2155 porrexerunt
1291 2125 1313 2148 ei
1331 2133 1350 2148 c.
1385 2125 1469 2148 fabum
1483 2125 1541 2153 FT;
1560 2126 1590 2149 de
1607 2126 1665 2149 sauo
1680 2127 1693 2149 h
1709 2135 1732 2157 q.
1767 2134 1815 2150 om.

1113 2167 1141 2186 et
1158 2165 1214 2187 fau.
1230 2165 1304 2187 meu.
1321 2164 1340 2186 d
1354 2172 1366 2187 e
1382 2172 1437 2187 cum
1451 2172 1492 2194 gr.
1506 2165 1627 2188 NBDLH.
1663 2173 1709 2189 om.
1723 2166 1815 2188 menis

1113 2210 1128 2225 a
1141 2202 1162 2226 b.

1146 2248 1185 2272 43.
1204 2249 1280 2273 quum
1296 2242 1326 2265 Θ.
1362 2242 1468 2273 reliquas
1486 2242 1516 2266 R.
1550 2244 1590 2265 eis
1608 2251 1666 2266 seru:
1691 2243 1741 2266 illis
1760 2243 1814 2266 FG.

1118 2280 1223 2304 Ucrsum
1236 2281 1273 2304 ita
1285 2280 1375 2304 habent
1389 2281 1453 2304 codd.
1466 2288 1504 2311 vg.
1517 2284 1540 2304 et
1556 2289 1613 2305 aur.
1626 2289 1681 2304 cum
1695 2289 1737 2312 gr.
1752 2281 1815 2304 ΚΠ*

1115 2320 1187 2348 min.y
1200 2320 1266 2350 Aug.
1283 2320 1352 2343 cans.
1366 2320 1400 2343 iii.
1416 2325 1453 2350 74,
1466 2319 1496 2350 cs.
1509 2321 1602 2351 aceepit
1620 2328 1703 2343 coram
1715 2320 1765 2343 illis
1778 2328 1814 2344 su.

1114 2359 1157 2382 rel.
1170 2359 1224 2382 ded.
1242 2359 1276 2382 eis
1293 2367 1312 2387 c,
1329 2363 1353 2382 et
1371 2360 1493 2390 accipiens
1510 2367 1593 2382 coram
1612 2359 1637 2382 il.
1655 2360 1815 2383 manducauit

1114 2402 1138 2421 et
1158 2398 1251 2428 reliqua
1271 2399 1368 2428 accepit
1388 2402 1412 2421 et
1432 2398 1500 2421 dedit
1520 2398 1570 2421 illis
1588 2406 1617 2422 r:
1642 2402 1700 2421 uett.
1719 2399 1772 2422 rell.
1791 2403 1816 2423 et

1114 2437 1239 2468 accipiens
1257 2437 1413 2460 manducauit
1431 2445 1514 2460 eoram
1532 2437 1583 2460 illis
1600 2445 1615 2460 a
1635 2437 1668 2468 (f
1680 2438 1713 2468 δ),
1726 2442 1750 2461 et
1761 2446 1813 2462 acc.

1114 2477 1139 2499 in
1152 2480 1283 2506 conspectu
1295 2484 1380 2499 eorum
1392 2476 1474 2499 mand.
1488 2476 1511 2505 d,
1525 2480 1549 2499 et
1561 2477 1654 2507 accepit
1668 2484 1752 2500 eoram
1764 2476 1814 2499 illis

1114 2523 1134 2544 ε,
1146 2520 1170 2539 et
1181 2515 1332 2538 manducans
1346 2516 1433 2546 (-cauit
1445 2515 1466 2545 l)
1481 2523 1564 2539 coram
1580 2516 1639 2546 ipsis
1655 2515 1668 2538 h
1677 2515 1712 2546 βξ,
1724 2516 1735 2539 l
1746 2523 1775 2547 q3
1792 2518 1815 2539 et

1111 2554 1230 2585 gnplur.
1243 2553 1282 2577 καὶ
1295 2553 1378 2580 λαβὼν
1391 2553 1491 2577 ἐνώπιον
1503 2554 1582 2576 αὐτῶν
1595 2553 1693 2584 ἔφαγεν.

1148 2601 1188 2624 44.
1206 2601 1252 2617 om.
1270 2597 1298 2616 et.
1318 2593 1353 2616 ad
1370 2593 1428 2617 init.
1446 2593 1459 2616 b
1471 2593 1514 2624 ffi.
1549 2601 1611 2616 eos:
1635 2593 1693 2617 iilos
1711 2593 1813 2617 KOXZ.

1116 2633 1161 2656 hee
1172 2633 1212 2657 W.
1247 2640 1292 2656 om.
1302 2635 1369 2656 sunt
1381 2640 1396 2655 α
1408 2633 1427 2655 d
1435 2641 1446 2656 e
1459 2633 1479 2657 δ.
1513 2635 1600 2656 uerba
1611 2633 1744 2663 (sermones
1756 2640 1766 2655 ι·
1776 2632 1815 2655 de
