2258 3157
439 309 478 337 24
920 300 972 329 CA
979 300 1148 329 PJTULA
1177 300 1236 329 IN
1254 300 1577 330 EUANGELIUM

684 385 789 409 AUVY.

439 437 585 466 XXVIII.
608 437 723 465 Dicenti
740 446 845 475 sequar
859 443 896 472 te,
913 447 973 466 non
988 437 1039 466 ha-

479 486 547 513 bere
571 494 601 513 se
626 484 693 512 dicit
720 485 768 513 ubi
792 490 879 521 caput
902 485 1038 513 reclinet:

478 536 507 560 et
522 532 750 568 interrogantem
766 531 940 569 discipulum
956 541 973 559 a
987 541 1039 569 pa-

478 584 560 607 terna
575 579 665 607 uetuit
682 579 837 616 sepultura.

438 908 550 937 XXIX.
573 908 608 935 In
630 908 698 936 naui
719 908 868 936 dormiens
890 917 907 936 a
927 908 1038 945 pericli-

477 955 607 983 tantibus
630 955 774 984 excitatus
799 955 1037 993 tranquillitatem

476 1003 568 1030 uerbo
584 1002 714 1030 restituit.

436 1096 531 1124 XXX.
555 1096 590 1124 In
612 1102 687 1125 terra
711 1105 934 1134 gerassenorum
954 1106 1036 1125 sana-

476 1144 512 1171 tis
535 1143 703 1172 hominibus
727 1144 885 1172 daemones
907 1144 947 1172 ire
973 1153 1036 1181 per-

476 1191 562 1219 mittit
577 1191 606 1218 in
622 1199 737 1228 porcos.

435 1237 546 1265 XXXI.
569 1238 604 1265 In
631 1238 746 1266 ciuitate
772 1246 823 1265 sua
845 1237 1036 1275 paralyticum

476 1290 557 1313 curat
572 1285 650 1322 prius
666 1285 839 1313 dimittendo
855 1290 984 1322 peccata.

436 1332 563 1360 XXXII.
586 1332 739 1360 Matheum
775 1337 871 1366 uocat,
902 1337 930 1360 et
959 1341 1036 1360 mur-

477 1379 661 1406 murantibus
676 1378 712 1407 de
728 1378 951 1415 publicanorum
967 1387 1037 1407 eon—

475 1426 556 1454 uiuio
579 1426 739 1464 pharisaeis
765 1426 802 1453 ait
827 1426 901 1454 male
928 1426 1037 1454 haben-

475 1474 551 1501 tibus
570 1482 644 1510 opus
666 1482 728 1501 esse
748 1473 863 1501 medico
878 1473 1037 1502 similitudi—

475 1529 543 1548 nem
556 1520 645 1557 panni
662 1519 741 1548 rudis
753 1529 787 1548 ae
799 1520 859 1547 uini
871 1519 918 1548 uel
930 1520 1036 1548 utrium

476 1576 596 1603 ponens.

435 1944 579 1973 XXXIII.
601 1944 732 1981 Pergens
751 1943 788 1972 ad
808 1943 1036 1972 resuscitandam

475 1992 566 2020 filiam
595 1991 734 2029 principis
757 1991 908 2019 mulierem
930 2000 947 2019 a
969 2000 1036 2027 pro-

476 2039 567 2067 fluuio
594 2038 745 2075 sanguinis
778 2043 861 2066 sanat
894 2038 1036 2066 suscitans

476 2091 503 2114 et
519 2086 656 2123 puellam.

439 2133 600 2161 XXXIIII.
616 2132 778 2161 Transiens
791 2132 865 2160 duos
878 2141 980 2160 caecos
995 2132 1036 2159 in-

477 2180 597 2208 luminat
627 2185 656 2209 et
678 2183 761 2207 muto
786 2179 916 2216 linguam
945 2179 1037 2206 eiecto

477 2227 622 2255 daemone
637 2227 738 2255 reddit.

1300 386 1329 410 C.

1124 431 1161 459 iii.
1184 431 1229 460 De
1245 431 1376 469 plurimis
1391 432 1474 460 curis.

1113 571 1160 599 iiii.
1183 571 1221 600 Et
1262 573 1376 601 scribae
1417 573 1544 601 uolentis

1215 622 1320 659 exequi
1330 622 1398 651 dicit
1408 615 1447 650 ffii
1458 623 1543 650 abere

1215 669 1305 696 filium
1328 669 1453 697 hominis
1474 669 1542 697 hubi

1214 721 1301 753 caput
1317 716 1446 744 reclinet.

1133 772 1157 790 v.
1179 762 1286 800 Adque
1330 763 1401 791 alius
1445 763 1544 791 relicto

1214 810 1303 846 patris
1339 819 1462 847 corpore
1499 820 1543 838 se—

1214 861 1319 894 quatur
1333 857 1479 894 praecipit.

1095 905 1195 933 VIII.
1218 906 1260 932 In
1282 905 1363 932 naui
1384 912 1462 932 eum
1487 912 1544 932 ex-

1176 952 1283 980 citant
1319 954 1543 980 dormientem

1173 999 1334 1032 discipuli
1369 1000 1433 1026 hut
1460 1001 1542 1027 tem-

1174 1049 1341 1080 pestatem
1356 1048 1500 1074 sedaret.

1140 1092 1157 1120 i.
1180 1093 1217 1120 Et
1232 1093 1261 1120 in
1297 1098 1372 1121 terra
1407 1102 1541 1130 grassen-

1213 1149 1298 1167 orum
1308 1139 1462 1168 daemonia
1468 1140 1540 1168 eicit.

1091 1236 1207 1262 VIIII.
1244 1235 1313 1262 Ubi
1344 1236 1542 1269 paraliticus

1172 1283 1300 1310 lectum
1314 1284 1390 1311 fert.

1141 1329 1158 1357 i.
1182 1328 1347 1357 Mattheum
1363 1334 1516 1358 conuocat.

1135 1376 1162 1404 ii.
1186 1376 1253 1404 Hac
1269 1375 1381 1404 fariseis
1396 1385 1540 1404 murmur-

1213 1423 1329 1451 antibus
1345 1423 1381 1451 de
1403 1423 1541 1451 conuiuio

1213 1470 1434 1507 publicanorum
1475 1471 1541 1499 dicit

1214 1527 1274 1546 non
1284 1527 1348 1545 esse
1358 1517 1453 1555 hopus
1464 1518 1541 1546 sanis

1214 1565 1368 1593 medicum.

1122 1611 1158 1639 iii.
1181 1611 1337 1649 Diseipulis
1349 1611 1488 1640 Ihoannis
1498 1611 1540 1639 in-

1214 1659 1427 1695 terrogantibus
1452 1667 1541 1696 quare

1214 1715 1274 1734 non
1297 1706 1466 1743 geiunarent
1486 1706 1542 1733 dis-

1214 1752 1301 1790 cipuli
1327 1754 1388 1781 eius
1418 1753 1542 1790 parabu-

1213 1800 1270 1828 lam
1287 1800 1377 1837 panni
1393 1805 1421 1828 et
1439 1801 1542 1828 scissu-

1214 1856 1262 1875 rae
1291 1852 1319 1875 et
1355 1847 1481 1875 hutrium
1515 1852 1542 1875 et

1212 1895 1272 1922 uini
1288 1894 1378 1931 ponit.

1111 1940 1157 1968 iiii.
1180 1941 1283 1969 Filiam
1305 1941 1442 1978 principis
1464 1950 1542 1969 mor-

1213 1993 1293 2016 tuam
1307 1989 1377 2016 dum
1389 1989 1467 2016 uadit
1480 1997 1542 2016 sus-

1213 2036 1302 2064 citare
1337 2036 1489 2064 mulierem
1526 2044 1542 2062 a

1213 2082 1357 2120 profluuio
1372 2083 1481 2110 liberat.

1131 2139 1155 2156 v.
1179 2129 1283 2158 Caecis
1318 2129 1414 2158 hoculi
1449 2129 1540 2166 aperi-

1213 2182 1308 2204 untur.

1643 387 1761 411 BHOJT
1773 395 1830 410 aur.
1845 388 1922 411 [Iarl.
1938 392 2008 418 2797.

1599 431 1644 460 De
1673 432 1804 469 plurimis
1830 433 1924 468 curis;
1960 438 1987 461 et
2016 439 2048 461 ut

1638 480 1746 508 mortui
1762 485 1894 508 mortuos
1916 489 1985 509 suos
2003 489 2048 508 se-

1637 527 1744 563 peliant
1759 527 1874 556 cuidam
1889 527 1966 556 dicit.

1597 903 1623 930 V
1626 903 1681 931 III.
1704 902 1857 941 Nauigans
1893 908 2044 940 tempesta-

1636 955 1693 978 tem
1709 951 1797 978 sedat.

1596 1092 1629 1119 In
1650 1096 1725 1120 terra
1747 1100 1955 1128 gerasenorum
1977 1091 2044 1119 dae-

1635 1139 1735 1167 monia
1750 1138 1824 1167 eicit.

1595 1233 1645 1260 IX.
1668 1232 1843 1270 Paralyticus
1858 1237 1973 1260 curatus
1988 1232 2044 1260 lec-

1634 1285 1695 1308 tum
1712 1289 1796 1308 suum
1812 1285 1914 1317 portat.

1596 1327 1759 1356 Mattheum
1774 1332 1929 1355 conuocat.

1596 1375 1630 1402 In
1655 1374 1746 1402 domo
1768 1374 1831 1402 eius
1857 1374 2045 1401 discumbens

1634 1421 1791 1459 pharisaeis
1813 1421 1880 1449 dicit
1899 1429 1959 1449 non
1980 1429 2044 1449 esse

1636 1478 1710 1506 opus
1726 1468 1804 1496 sanis
1818 1467 1944 1496 medico.

1595 1610 1630 1638 X.
1675 1609 1847 1637 Parabolam
1890 1609 1978 1645 panni
2017 1614 2044 1636 et

1636 1657 1776 1685 scissurae
1791 1661 1818 1684 et
1830 1656 1935 1683 utrium
1948 1661 1975 1683 et
1986 1655 2045 1683 uini

1635 1704 1726 1741 ponit.

1596 1938 1750 1967 Mulierem
1773 1948 1789 1967 a
1810 1939 1954 1977 profluuio
1978 1948 2045 1967 san-

1635 1986 1730 2023 guinis
1758 1986 1859 2015 liberat
1894 1992 1921 2015 et
1957 1987 2044 2014 filiam

1635 2033 1773 2070 principis
1793 2033 1943 2061 cuiusdam
1965 2042 2044 2061 mor-

1635 2085 1714 2108 tuam
1730 2081 1849 2108 suscitat
1860 2080 1883 2108 C
1887 2080 1963 2108 aecis
1975 2089 2044 2108 ocu-

1635 2126 1678 2155 los
1696 2127 1798 2164 aperit.

469 2320 594 2343 XXVIII.
612 2323 679 2344 uetat
691 2320 714 2344 U
728 2319 812 2343 Thone.

1124 2323 1183 2346 VII.
1201 2331 1223 2346 v.
1232 2329 1250 2347 ÷
1259 2330 1284 2346 se
1297 2325 1354 2345 ante
1366 2325 1488 2352 sequatur.

1125 2356 1198 2379 VIII.
1216 2359 1243 2383 >
1253 2355 1415 2378 dormientem
1425 2354 1540 2378 excitant.

1629 2322 1687 2346 VII.
1706 2322 1737 2345 de
1750 2322 1864 2353 pluribus
1876 2330 1896 2345 c.
1908 2322 1955 2345 BH
1968 2330 1974 2350 ;
1991 2322 2044 2353 plu-

1595 2355 1669 2378 rimos
1681 2358 1748 2378 curat
1761 2363 1819 2379 aur.

1627 2388 1672 2412 IX.
1682 2391 1789 2415 portat:
1801 2387 1895 2411 baiulat
1906 2387 1978 2409 ΒΗΘ
1986 2394 2043 2410 aur.

1594 2428 1639 2444 om.
1651 2423 1682 2443 In
1694 2422 1778 2444 domo
1790 2423 1851 2444 eius
1863 2421 2044 2443 discumbens

1595 2453 1683 2477 ΒΗΘ.)
1706 2461 1764 2476 aur.
1790 2453 1866 2476 Jlarl.
1897 2457 1967 2482 2797.
2016 2456 2042 2478 >

1593 2486 1654 2509 dicit
1699 2485 1790 2516 pharis.
1831 2485 2043 2513 &idicensssamz

1593 2520 1683 2542 sanis:
1702 2518 1792 2541 ualidis
1802 2518 1874 2541 ΒΗΘ
1887 2525 1943 2541 aur.
1968 2517 2044 2540 medi-

1565 2567 1567 2581 !
1594 2552 1630 2575 cis
1645 2552 1676 2579 Θ,
1690 2559 1743 2574 -cus
1757 2551 1790 2578 H,
1805 2558 1871 2574 -cum
1884 2558 1941 2573 aur.

1565 2585 1567 2592 ,

1627 2584 1658 2607 Χ.
1677 2591 1723 2607 om.
1745 2587 1773 2606 et
1791 2587 1848 2606 ante
1869 2583 1919 2606 uini
1941 2582 1965 2605 H
1985 2590 2043 2605 aur.

1565 2610 1567 2619 ¹
1592 2624 1639 2639 om.
1656 2617 1737 2644 ponit
1756 2616 1790 2639 H.
1828 2619 1877 2639 ÷et
1896 2618 1952 2638 ante
1971 2615 2041 2638 muli—

1565 2646 1567 2652 ’
1593 2657 1658 2672 erem
1677 2649 1712 2671 H.
1745 2656 1791 2672 om.
1805 2649 1950 2675 sanguinis
1970 2648 2042 2670 BHG)

1565 2689 1567 2710 1
1593 2689 1650 2705 aur.
1668 2682 1744 2704 Harl.
1767 2686 1836 2711 2797.

1875 2685 1901 2707 >
1915 2680 2042 2704 cniusdam

1593 2714 1712 2744 principis
1725 2714 1758 2737 H.
