<?xml version="1.0" encoding="UTF-8"?>
<!DOCTYPE html PUBLIC "-//W3C//DTD XHTML 1.0 Transitional//EN"
    "http://www.w3.org/TR/xhtml1/DTD/xhtml1-transitional.dtd">
<html xmlns="http://www.w3.org/1999/xhtml" xml:lang="en" lang="en">
 <head>
  <title>
</title>
<meta http-equiv="Content-Type" content="text/html;charset=utf-8" />
  <meta name='ocr-system' content='tesseract 3.04.00' />
  <meta name='ocr-capabilities' content='ocr_page ocr_carea ocr_par ocr_line ocrx_word'/>
</head>
<body>
  <div class='ocr_page' id='page_1' title='image "./quattuoreuangeli00jero_0744.png"; bbox 0 0 2209 3147; ppageno 0'>
   <div class='ocr_carea' id='block_1_1' title="bbox 391 243 453 283">
    <p class='ocr_par' dir='ltr' id='par_1_1' title="bbox 391 243 453 283">
     <span class='ocr_line' id='line_1_1' title="bbox 391 243 453 283; baseline -0.016 -11"><span class='ocrx_word' id='word_1_1' title='bbox 391 243 453 283; x_wconf 72' lang='lat'><strong>698</strong></span> 
     </span>
    </p>
   </div>
   <div class='ocr_carea' id='block_1_2' title="bbox 682 336 857 360">
    <p class='ocr_par' dir='ltr' id='par_1_2' title="bbox 682 336 857 360">
     <span class='ocr_line' id='line_1_2' title="bbox 682 336 857 360; baseline 0.006 -1"><span class='ocrx_word' id='word_1_2' title='bbox 682 337 742 360; x_wconf 78' lang='lat' dir='ltr'><strong>Par.</strong></span> <span class='ocrx_word' id='word_1_3' title='bbox 756 337 812 360; x_wconf 79' lang='lat' dir='ltr'><strong>Lat.</strong></span> <span class='ocrx_word' id='word_1_4' title='bbox 827 336 857 360; x_wconf 68' lang='lat'><strong>6⁴,</strong></span> 
     </span>
    </p>
   </div>
   <div class='ocr_carea' id='block_1_3' title="bbox 431 384 1141 459">
    <p class='ocr_par' dir='ltr' id='par_1_3' title="bbox 431 384 1141 459">
     <span class='ocr_line' id='line_1_3' title="bbox 433 384 1141 421; baseline -0.001 -9"><span class='ocrx_word' id='word_1_5' title='bbox 433 384 460 411; x_wconf 89' lang='lat' dir='ltr'><strong>in</strong></span> <span class='ocrx_word' id='word_1_6' title='bbox 477 384 567 412; x_wconf 89' lang='lat' dir='ltr'><strong>domo</strong></span> <span class='ocrx_word' id='word_1_7' title='bbox 583 385 732 421; x_wconf 87' lang='lat' dir='ltr'><strong>paralitico</strong></span> <span class='ocrx_word' id='word_1_8' title='bbox 749 385 814 412; x_wconf 87' lang='lat' dir='ltr'><strong>dicit</strong></span> <span class='ocrx_word' id='word_1_9' title='bbox 832 407 837 411; x_wconf 95' lang='lat'><strong>.</strong></span> <span class='ocrx_word' id='word_1_10' title='bbox 854 385 921 412; x_wconf 85' lang='lat' dir='ltr'><strong>tolle</strong></span> <span class='ocrx_word' id='word_1_11' title='bbox 937 385 1040 412; x_wconf 87' lang='lat' dir='ltr'><strong>lectum</strong></span> <span class='ocrx_word' id='word_1_12' title='bbox 1061 392 1141 412; x_wconf 83' lang='lat' dir='ltr'><strong>tuum</strong></span> 
     </span>
     <span class='ocr_line' id='line_1_4' title="bbox 431 431 599 459; baseline 0 -1"><span class='ocrx_word' id='word_1_13' title='bbox 431 436 458 459; x_wconf 90' lang='lat' dir='ltr'><strong>et</strong></span> <span class='ocrx_word' id='word_1_14' title='bbox 474 431 599 458; x_wconf 87' lang='lat' dir='ltr'><strong>ambula.</strong></span> 
     </span>
    </p>
   </div>
   <div class='ocr_carea' id='block_1_4' title="bbox 390 477 1169 562">
    <p class='ocr_par' dir='ltr' id='par_1_4' title="bbox 390 477 1169 562">
     <span class='ocr_line' id='line_1_5' title="bbox 390 477 1169 521; baseline 0 -16"><span class='ocrx_word' id='word_1_15' title='bbox 390 477 460 505; x_wconf 89' lang='lat' dir='ltr'><strong>XII.</strong></span> <span class='ocrx_word' id='word_1_16' title='bbox 484 477 556 506; x_wconf 90' lang='lat' dir='ltr'><strong>Leui</strong></span> <span class='ocrx_word' id='word_1_17' title='bbox 580 478 767 514; x_wconf 87' lang='lat' dir='ltr'><strong>publicanum</strong></span> <span class='ocrx_word' id='word_1_18' title='bbox 783 479 818 506; x_wconf 90' lang='lat' dir='ltr'><strong>de</strong></span> <span class='ocrx_word' id='word_1_19' title='bbox 834 479 948 506; x_wconf 84' lang='lat' dir='ltr'><strong>teloneo</strong></span> <span class='ocrx_word' id='word_1_20' title='bbox 970 484 1054 506; x_wconf 79' lang='lat' dir='ltr'><strong>uocat</strong></span> <span class='ocrx_word' id='word_1_21' title='bbox 1070 500 1075 505; x_wconf 94' lang='lat'><strong>.</strong></span> <span class='ocrx_word' id='word_1_22' title='bbox 1092 478 1140 515; x_wconf 92' lang='lat' dir='ltr'><strong>qui</strong></span> <span class='ocrx_word' id='word_1_23' title='bbox 1168 509 1169 521; x_wconf 26' lang='lat'>¹</span> 
     </span>
     <span class='ocr_line' id='line_1_6' title="bbox 431 525 1169 562; baseline 0 -10"><span class='ocrx_word' id='word_1_24' title='bbox 431 525 457 552; x_wconf 92' lang='lat' dir='ltr'><strong>ei</strong></span> <span class='ocrx_word' id='word_1_25' title='bbox 474 525 640 552; x_wconf 87' lang='lat' dir='ltr'><strong>conuiuium</strong></span> <span class='ocrx_word' id='word_1_26' title='bbox 664 531 744 562; x_wconf 87' lang='lat' dir='ltr'><strong>parat</strong></span> <span class='ocrx_word' id='word_1_27' title='bbox 761 548 766 553; x_wconf 99' lang='lat'><strong>.</strong></span> <span class='ocrx_word' id='word_1_28' title='bbox 783 526 830 553; x_wconf 90' lang='lat' dir='ltr'><strong>ubi</strong></span> <span class='ocrx_word' id='word_1_29' title='bbox 851 526 888 553; x_wconf 88' lang='lat' dir='ltr'><strong>ait</strong></span> <span class='ocrx_word' id='word_1_30' title='bbox 904 534 963 553; x_wconf 88' lang='lat' dir='ltr'><strong>non</strong></span> <span class='ocrx_word' id='word_1_31' title='bbox 979 530 1065 561; x_wconf 88' lang='lat' dir='ltr'><strong>egent</strong></span> <span class='ocrx_word' id='word_1_32' title='bbox 1081 525 1142 552; x_wconf 88' lang='lat' dir='ltr'><strong>sani</strong></span> <span class='ocrx_word' id='word_1_33' title='bbox 1168 528 1169 549; x_wconf 63' lang='grc' dir='ltr'>ἒ</span> 
     </span>
    </p>
   </div>
   <div class='ocr_carea' id='block_1_5' title="bbox 389 571 1144 1126">
    <p class='ocr_par' dir='ltr' id='par_1_5' title="bbox 431 571 1143 655">
     <span class='ocr_line' id='line_1_7' title="bbox 431 571 1143 609; baseline 0.001 -11"><span class='ocrx_word' id='word_1_34' title='bbox 431 571 546 599; x_wconf 88' lang='lat' dir='ltr'><strong>medico</strong></span> <span class='ocrx_word' id='word_1_35' title='bbox 562 594 567 599; x_wconf 92' lang='lat'><strong>.</strong></span> <span class='ocrx_word' id='word_1_36' title='bbox 584 577 611 600; x_wconf 90' lang='lat' dir='ltr'><strong>et</strong></span> <span class='ocrx_word' id='word_1_37' title='bbox 630 581 688 600; x_wconf 91' lang='lat' dir='ltr'><strong>non</strong></span> <span class='ocrx_word' id='word_1_38' title='bbox 709 573 836 600; x_wconf 89' lang='lat' dir='ltr'><strong>ieiunant</strong></span> <span class='ocrx_word' id='word_1_39' title='bbox 851 572 899 600; x_wconf 88' lang='lat' dir='ltr'><strong>filii</strong></span> <span class='ocrx_word' id='word_1_40' title='bbox 919 572 1017 608; x_wconf 80' lang='lat' dir='ltr'>sponsi</span> <span class='ocrx_word' id='word_1_41' title='bbox 1034 581 1143 609; x_wconf 87' lang='lat' dir='ltr'><strong>sponso</strong></span> 
     </span>
     <span class='ocr_line' id='line_1_8' title="bbox 431 626 572 655; baseline 0 -9"><span class='ocrx_word' id='word_1_42' title='bbox 431 626 572 655; x_wconf 84' lang='lat' dir='ltr'><strong>presente.</strong></span> 
     </span>
    </p>

    <p class='ocr_par' dir='ltr' id='par_1_6' title="bbox 391 665 1142 787">
     <span class='ocr_line' id='line_1_9' title="bbox 391 665 1142 703; baseline 0 -11"><span class='ocrx_word' id='word_1_43' title='bbox 391 665 475 693; x_wconf 86' lang='lat' dir='ltr'><strong>XIII.</strong></span> <span class='ocrx_word' id='word_1_44' title='bbox 516 665 549 693; x_wconf 91' lang='lat' dir='ltr'><strong>In</strong></span> <span class='ocrx_word' id='word_1_45' title='bbox 580 667 701 694; x_wconf 88' lang='lat' dir='ltr'><strong>sabbato</strong></span> <span class='ocrx_word' id='word_1_46' title='bbox 731 667 859 694; x_wconf 74' lang='lat' dir='ltr'><strong>seeundo</strong></span> <span class='ocrx_word' id='word_1_47' title='bbox 889 667 982 703; x_wconf 89' lang='lat' dir='ltr'><strong>primo</strong></span> <span class='ocrx_word' id='word_1_48' title='bbox 1012 665 1142 702; x_wconf 83' lang='lat' dir='ltr'><strong>discipuli</strong></span> 
     </span>
     <span class='ocr_line' id='line_1_10' title="bbox 431 712 1141 750; baseline 0 -11"><span class='ocrx_word' id='word_1_49' title='bbox 431 712 575 740; x_wconf 82' lang='lat' dir='ltr'><strong>uellebant</strong></span> <span class='ocrx_word' id='word_1_50' title='bbox 600 713 695 750; x_wconf 81' lang='lat' dir='ltr'><strong>spicas</strong></span> <span class='ocrx_word' id='word_1_51' title='bbox 719 735 724 740; x_wconf 95' lang='lat'><strong>.</strong></span> <span class='ocrx_word' id='word_1_52' title='bbox 749 718 776 741; x_wconf 89' lang='lat' dir='ltr'><strong>et</strong></span> <span class='ocrx_word' id='word_1_53' title='bbox 802 713 830 740; x_wconf 91' lang='lat' dir='ltr'><strong>in</strong></span> <span class='ocrx_word' id='word_1_54' title='bbox 856 713 997 749; x_wconf 85' lang='lat' dir='ltr'>sinagoga</span> <span class='ocrx_word' id='word_1_55' title='bbox 1024 721 1141 740; x_wconf 88' lang='lat' dir='ltr'><strong>manum</strong></span> 
     </span>
     <span class='ocr_line' id='line_1_11' title="bbox 430 758 787 787; baseline 0.003 -1"><span class='ocrx_word' id='word_1_56' title='bbox 430 758 556 787; x_wconf 85' lang='lat' dir='ltr'><strong>hominis</strong></span> <span class='ocrx_word' id='word_1_57' title='bbox 571 759 680 787; x_wconf 86' lang='lat' dir='ltr'><strong>aridam</strong></span> <span class='ocrx_word' id='word_1_58' title='bbox 697 765 787 787; x_wconf 87' lang='lat' dir='ltr'><strong>sanat.</strong></span> 
     </span>
    </p>

    <p class='ocr_par' dir='ltr' id='par_1_7' title="bbox 389 805 1144 1126">
     <span class='ocr_line' id='line_1_12' title="bbox 389 805 1142 843; baseline 0.001 -11"><span class='ocrx_word' id='word_1_59' title='bbox 389 805 489 833; x_wconf 88' lang='lat' dir='ltr'><strong>XIIII.</strong></span> <span class='ocrx_word' id='word_1_60' title='bbox 512 805 547 833; x_wconf 91' lang='lat' dir='ltr'><strong>In</strong></span> <span class='ocrx_word' id='word_1_61' title='bbox 574 811 673 834; x_wconf 89' lang='lat' dir='ltr'><strong>monte</strong></span> <span class='ocrx_word' id='word_1_62' title='bbox 699 816 784 834; x_wconf 90' lang='lat' dir='ltr'><strong>orans</strong></span> <span class='ocrx_word' id='word_1_63' title='bbox 808 806 962 834; x_wconf 84' lang='lat' dir='ltr'>duodecim</span> <span class='ocrx_word' id='word_1_64' title='bbox 986 806 1142 843; x_wconf 89' lang='lat' dir='ltr'><strong>discipulos</strong></span> 
     </span>
     <span class='ocr_line' id='line_1_13' title="bbox 431 853 1143 890; baseline 0.001 -10"><span class='ocrx_word' id='word_1_65' title='bbox 431 853 604 881; x_wconf 87' lang='lat' dir='ltr'><strong>nominatim</strong></span> <span class='ocrx_word' id='word_1_66' title='bbox 627 854 703 890; x_wconf 83' lang='lat' dir='ltr'><strong>eligit</strong></span> <span class='ocrx_word' id='word_1_67' title='bbox 723 859 771 882; x_wconf 90' lang='lat' dir='ltr'><strong>.et</strong></span> <span class='ocrx_word' id='word_1_68' title='bbox 798 854 833 882; x_wconf 90' lang='lat' dir='ltr'><strong>de</strong></span> <span class='ocrx_word' id='word_1_69' title='bbox 860 853 1034 881; x_wconf 85' lang='lat' dir='ltr'><strong>beatitudine</strong></span> <span class='ocrx_word' id='word_1_70' title='bbox 1059 853 1143 882; x_wconf 91' lang='lat' dir='ltr'><strong>docet</strong></span> 
     </span>
     <span class='ocr_line' id='line_1_14' title="bbox 430 900 1141 937; baseline 0.001 -10"><span class='ocrx_word' id='word_1_71' title='bbox 430 900 529 928; x_wconf 87' lang='lat' dir='ltr'><strong>dicens</strong></span> <span class='ocrx_word' id='word_1_72' title='bbox 544 900 566 928; x_wconf 88' lang='lat' dir='ltr'><strong>si</strong></span> <span class='ocrx_word' id='word_1_73' title='bbox 581 909 634 928; x_wconf 93' lang='lat' dir='ltr'><strong>uos</strong></span> <span class='ocrx_word' id='word_1_74' title='bbox 649 901 886 937; x_wconf 81' lang='lat' dir='ltr'><strong>exprobrauerint</strong></span> <span class='ocrx_word' id='word_1_75' title='bbox 904 900 1026 937; x_wconf 82' lang='lat' dir='ltr'><strong>gaudete</strong></span> <span class='ocrx_word' id='word_1_76' title='bbox 1043 922 1048 927; x_wconf 91' lang='lat'><strong>.</strong></span> <span class='ocrx_word' id='word_1_77' title='bbox 1065 906 1092 928; x_wconf 90' lang='lat' dir='ltr'><strong>et</strong></span> <span class='ocrx_word' id='word_1_78' title='bbox 1109 910 1141 928; x_wconf 91' lang='lat' dir='ltr'><strong>ue</strong></span> 
     </span>
     <span class='ocr_line' id='line_1_15' title="bbox 431 947 1142 976; baseline 0.001 -2"><span class='ocrx_word' id='word_1_79' title='bbox 431 947 565 975; x_wconf 85' lang='lat' dir='ltr'><strong>diuitibus</strong></span> <span class='ocrx_word' id='word_1_80' title='bbox 581 952 608 975; x_wconf 89' lang='lat' dir='ltr'><strong>et</strong></span> <span class='ocrx_word' id='word_1_81' title='bbox 629 948 760 976; x_wconf 81' lang='lat' dir='ltr'><strong>saturatis</strong></span> <span class='ocrx_word' id='word_1_82' title='bbox 778 970 782 975; x_wconf 93' lang='lat'><strong>.</strong></span> <span class='ocrx_word' id='word_1_83' title='bbox 800 954 826 975; x_wconf 89' lang='lat' dir='ltr'><strong>et</strong></span> <span class='ocrx_word' id='word_1_84' title='bbox 844 947 1002 975; x_wconf 81' lang='lat' dir='ltr'><strong>ridentibus</strong></span> <span class='ocrx_word' id='word_1_85' title='bbox 1019 969 1024 974; x_wconf 95' lang='lat'><strong>.</strong></span> <span class='ocrx_word' id='word_1_86' title='bbox 1040 953 1067 975; x_wconf 86' lang='lat' dir='ltr'><strong>et</strong></span> <span class='ocrx_word' id='word_1_87' title='bbox 1083 948 1142 975; x_wconf 91' lang='lat' dir='ltr'><strong>dili-</strong></span> 
     </span>
     <span class='ocr_line' id='line_1_16' title="bbox 430 994 1143 1031; baseline 0.001 -9"><span class='ocrx_word' id='word_1_88' title='bbox 430 994 488 1031; x_wconf 90' lang='lat' dir='ltr'><strong>gite</strong></span> <span class='ocrx_word' id='word_1_89' title='bbox 511 994 645 1023; x_wconf 89' lang='lat' dir='ltr'><strong>inimicos</strong></span> <span class='ocrx_word' id='word_1_90' title='bbox 666 1000 780 1022; x_wconf 87' lang='lat' dir='ltr'><strong>uestros</strong></span> <span class='ocrx_word' id='word_1_91' title='bbox 800 1000 847 1023; x_wconf 84' lang='lat' dir='ltr'><strong>.et</strong></span> <span class='ocrx_word' id='word_1_92' title='bbox 870 995 934 1022; x_wconf 84' lang='lat' dir='ltr'><strong>(late</strong></span> <span class='ocrx_word' id='word_1_93' title='bbox 956 1017 961 1022; x_wconf 89' lang='lat'><strong>.</strong></span> <span class='ocrx_word' id='word_1_94' title='bbox 980 1000 1008 1022; x_wconf 88' lang='lat' dir='ltr'><strong>et</strong></span> <span class='ocrx_word' id='word_1_95' title='bbox 1031 995 1143 1023; x_wconf 84' lang='lat' dir='ltr'><strong>dabitur</strong></span> 
     </span>
     <span class='ocr_line' id='line_1_17' title="bbox 431 1041 1144 1070; baseline 0.003 -2"><span class='ocrx_word' id='word_1_96' title='bbox 431 1041 514 1069; x_wconf 93' lang='lat' dir='ltr'><strong>uobis</strong></span> <span class='ocrx_word' id='word_1_97' title='bbox 531 1064 536 1068; x_wconf 96' lang='lat'><strong>.</strong></span> <span class='ocrx_word' id='word_1_98' title='bbox 553 1047 579 1069; x_wconf 88' lang='lat' dir='ltr'><strong>et</strong></span> <span class='ocrx_word' id='word_1_99' title='bbox 596 1051 626 1070; x_wconf 90' lang='lat' dir='ltr'><strong>se</strong></span> <span class='ocrx_word' id='word_1_100' title='bbox 642 1051 726 1070; x_wconf 89' lang='lat' dir='ltr'><strong>cecus</strong></span> <span class='ocrx_word' id='word_1_101' title='bbox 741 1051 842 1070; x_wconf 86' lang='lat' dir='ltr'><strong>cecum</strong></span> <span class='ocrx_word' id='word_1_102' title='bbox 859 1042 945 1070; x_wconf 88' lang='lat' dir='ltr'><strong>ducat</strong></span> <span class='ocrx_word' id='word_1_103' title='bbox 962 1064 967 1069; x_wconf 91' lang='lat'><strong>.</strong></span> <span class='ocrx_word' id='word_1_104' title='bbox 983 1047 1010 1070; x_wconf 85' lang='lat' dir='ltr'><strong>et</strong></span> <span class='ocrx_word' id='word_1_105' title='bbox 1026 1051 1085 1070; x_wconf 91' lang='lat' dir='ltr'><strong>non</strong></span> <span class='ocrx_word' id='word_1_106' title='bbox 1101 1048 1144 1070; x_wconf 88' lang='lat' dir='ltr'><strong>est</strong></span> 
     </span>
     <span class='ocr_line' id='line_1_18' title="bbox 431 1088 883 1126; baseline 0 -10"><span class='ocrx_word' id='word_1_107' title='bbox 431 1088 588 1125; x_wconf 91' lang='lat' dir='ltr'><strong>discipulus</strong></span> <span class='ocrx_word' id='word_1_108' title='bbox 604 1098 690 1126; x_wconf 88' lang='lat' dir='ltr'><strong>super</strong></span> <span class='ocrx_word' id='word_1_109' title='bbox 705 1089 883 1126; x_wconf 84' lang='lat' dir='ltr'><strong>magistrum.</strong></span> 
     </span>
    </p>
   </div>
   <div class='ocr_carea' id='block_1_6' title="bbox 392 1121 1170 1164">
    <p class='ocr_par' dir='ltr' id='par_1_8' title="bbox 392 1121 1170 1164">
     <span class='ocr_line' id='line_1_19' title="bbox 392 1121 1170 1164; baseline 0.003 -2"><span class='ocrx_word' id='word_1_110' title='bbox 392 1135 457 1163; x_wconf 92' lang='lat' dir='ltr'><strong>XV.</strong></span> <span class='ocrx_word' id='word_1_111' title='bbox 480 1135 525 1163; x_wconf 88' lang='lat' dir='ltr'><strong>De</strong></span> <span class='ocrx_word' id='word_1_112' title='bbox 540 1135 642 1163; x_wconf 79' lang='lat' dir='ltr'><strong>fistuca</strong></span> <span class='ocrx_word' id='word_1_113' title='bbox 657 1142 684 1163; x_wconf 91' lang='lat' dir='ltr'><strong>et</strong></span> <span class='ocrx_word' id='word_1_114' title='bbox 704 1136 782 1163; x_wconf 81' lang='lat' dir='ltr'><strong>trabe</strong></span> <span class='ocrx_word' id='word_1_115' title='bbox 796 1158 801 1163; x_wconf 95' lang='lat'><strong>.</strong></span> <span class='ocrx_word' id='word_1_116' title='bbox 814 1140 841 1163; x_wconf 86' lang='lat' dir='ltr'><strong>et</strong></span> <span class='ocrx_word' id='word_1_117' title='bbox 857 1135 892 1163; x_wconf 93' lang='lat' dir='ltr'><strong>de</strong></span> <span class='ocrx_word' id='word_1_118' title='bbox 908 1137 1008 1164; x_wconf 91' lang='lat' dir='ltr'><strong>arbore</strong></span> <span class='ocrx_word' id='word_1_119' title='bbox 1025 1137 1101 1164; x_wconf 92' lang='lat' dir='ltr'><strong>bona</strong></span> <span class='ocrx_word' id='word_1_120' title='bbox 1116 1141 1143 1164; x_wconf 89' lang='lat' dir='ltr'><strong>et</strong></span> <span class='ocrx_word' id='word_1_121' title='bbox 1168 1121 1170 1134; x_wconf 36' lang='grc' dir='ltr'>ἱ</span> 
     </span>
    </p>
   </div>
   <div class='ocr_carea' id='block_1_7' title="bbox 391 1184 1143 1646">
    <p class='ocr_par' dir='ltr' id='par_1_9' title="bbox 431 1184 1143 1315">
     <span class='ocr_line' id='line_1_20' title="bbox 431 1184 1142 1221; baseline 0.001 -9"><span class='ocrx_word' id='word_1_122' title='bbox 431 1184 506 1212; x_wconf 89' lang='lat' dir='ltr'><strong>mala</strong></span> <span class='ocrx_word' id='word_1_123' title='bbox 523 1206 528 1211; x_wconf 96' lang='lat'><strong>.</strong></span> <span class='ocrx_word' id='word_1_124' title='bbox 544 1190 571 1212; x_wconf 88' lang='lat' dir='ltr'><strong>et</strong></span> <span class='ocrx_word' id='word_1_125' title='bbox 586 1184 655 1221; x_wconf 87' lang='lat' dir='ltr'><strong>quid</strong></span> <span class='ocrx_word' id='word_1_126' title='bbox 675 1185 784 1212; x_wconf 88' lang='lat' dir='ltr'><strong>uocatis</strong></span> <span class='ocrx_word' id='word_1_127' title='bbox 806 1194 851 1212; x_wconf 90' lang='lat' dir='ltr'><strong>me</strong></span> <span class='ocrx_word' id='word_1_128' title='bbox 869 1185 986 1212; x_wconf 91' lang='lat' dir='ltr'><strong>domine</strong></span> <span class='ocrx_word' id='word_1_129' title='bbox 1002 1185 1120 1213; x_wconf 90' lang='lat' dir='ltr'><strong>domine</strong></span> <span class='ocrx_word' id='word_1_130' title='bbox 1137 1204 1142 1209; x_wconf 89' lang='lat'>·</span> 
     </span>
     <span class='ocr_line' id='line_1_21' title="bbox 431 1231 1143 1268; baseline 0 -9"><span class='ocrx_word' id='word_1_131' title='bbox 431 1237 459 1259; x_wconf 88' lang='lat' dir='ltr'><strong>et</strong></span> <span class='ocrx_word' id='word_1_132' title='bbox 482 1231 518 1259; x_wconf 93' lang='lat' dir='ltr'><strong>de</strong></span> <span class='ocrx_word' id='word_1_133' title='bbox 543 1231 633 1259; x_wconf 90' lang='lat' dir='ltr'><strong>domo</strong></span> <span class='ocrx_word' id='word_1_134' title='bbox 663 1231 812 1259; x_wconf 81' lang='lat' dir='ltr'><strong>hedificata</strong></span> <span class='ocrx_word' id='word_1_135' title='bbox 841 1240 928 1268; x_wconf 85' lang='lat' dir='ltr'><strong>super</strong></span> <span class='ocrx_word' id='word_1_136' title='bbox 957 1237 1068 1268; x_wconf 86' lang='lat' dir='ltr'><strong>petram</strong></span> <span class='ocrx_word' id='word_1_137' title='bbox 1097 1232 1143 1260; x_wconf 91' lang='lat' dir='ltr'><strong>uel</strong></span> 
     </span>
     <span class='ocr_line' id='line_1_22' title="bbox 432 1287 658 1315; baseline -0.004 -9"><span class='ocrx_word' id='word_1_138' title='bbox 432 1287 517 1315; x_wconf 91' lang='lat' dir='ltr'><strong>super</strong></span> <span class='ocrx_word' id='word_1_139' title='bbox 532 1288 658 1306; x_wconf 84' lang='lat' dir='ltr'><strong>arenam.</strong></span> 
     </span>
    </p>

    <p class='ocr_par' dir='ltr' id='par_1_10' title="bbox 391 1325 776 1401">
     <span class='ocr_line' id='line_1_23' title="bbox 391 1325 776 1362; baseline -0.003 -9"><span class='ocrx_word' id='word_1_140' title='bbox 391 1325 472 1353; x_wconf 91' lang='lat' dir='ltr'><strong>XVI.</strong></span> <span class='ocrx_word' id='word_1_141' title='bbox 506 1326 540 1353; x_wconf 90' lang='lat' dir='ltr'><strong>In</strong></span> <span class='ocrx_word' id='word_1_142' title='bbox 576 1326 741 1362; x_wconf 83' lang='lat' dir='ltr'><strong>capharnau</strong></span> <span class='ocrx_word' id='word_1_143' title='bbox 772 1348 776 1352; x_wconf 95' lang='lat'><strong>.</strong></span> 
     </span>
     <span class='ocr_line' id='line_1_24' title="bbox 432 1379 521 1401; baseline -0.011 0"><span class='ocrx_word' id='word_1_144' title='bbox 432 1379 521 1401; x_wconf 85' lang='lat' dir='ltr'><strong>sanat.</strong></span> 
     </span>
    </p>

    <p class='ocr_par' dir='ltr' id='par_1_11' title="bbox 391 1419 1141 1496">
     <span class='ocr_line' id='line_1_25' title="bbox 391 1419 1141 1448; baseline 0 -1"><span class='ocrx_word' id='word_1_145' title='bbox 391 1419 488 1447; x_wconf 89' lang='lat' dir='ltr'><strong>XVII.</strong></span> <span class='ocrx_word' id='word_1_146' title='bbox 512 1420 546 1447; x_wconf 91' lang='lat' dir='ltr'><strong>In</strong></span> <span class='ocrx_word' id='word_1_147' title='bbox 562 1420 673 1448; x_wconf 89' lang='lat' dir='ltr'><strong>ciuitate</strong></span> <span class='ocrx_word' id='word_1_148' title='bbox 691 1420 787 1448; x_wconf 87' lang='lat' dir='ltr'><strong>nahim</strong></span> <span class='ocrx_word' id='word_1_149' title='bbox 811 1420 895 1448; x_wconf 93' lang='lat' dir='ltr'><strong>uidue</strong></span> <span class='ocrx_word' id='word_1_150' title='bbox 918 1420 1001 1448; x_wconf 88' lang='lat' dir='ltr'><strong>matri</strong></span> <span class='ocrx_word' id='word_1_151' title='bbox 1025 1420 1141 1448; x_wconf 88' lang='lat' dir='ltr'><strong>unicum</strong></span> 
     </span>
     <span class='ocr_line' id='line_1_26' title="bbox 432 1467 759 1496; baseline -0.003 -1"><span class='ocrx_word' id='word_1_152' title='bbox 432 1467 468 1495; x_wconf 90' lang='lat' dir='ltr'><strong>de</strong></span> <span class='ocrx_word' id='word_1_153' title='bbox 484 1467 587 1496; x_wconf 79' lang='lat' dir='ltr'><strong>feretro</strong></span> <span class='ocrx_word' id='word_1_154' title='bbox 604 1468 759 1495; x_wconf 81' lang='lat' dir='ltr'><strong>suscitauit.</strong></span> 
     </span>
    </p>

    <p class='ocr_par' dir='ltr' id='par_1_12' title="bbox 391 1514 1143 1646">
     <span class='ocr_line' id='line_1_27' title="bbox 391 1514 1143 1542; baseline 0 0"><span class='ocrx_word' id='word_1_155' title='bbox 391 1514 503 1542; x_wconf 90' lang='lat' dir='ltr'><strong>XVIII.</strong></span> <span class='ocrx_word' id='word_1_156' title='bbox 528 1514 657 1542; x_wconf 75' lang='lat' dir='ltr'><strong>Iohafifis</strong></span> <span class='ocrx_word' id='word_1_157' title='bbox 679 1514 715 1541; x_wconf 90' lang='lat' dir='ltr'><strong>ad</strong></span> <span class='ocrx_word' id='word_1_158' title='bbox 741 1514 800 1542; x_wconf 77' lang='lat' dir='ltr'><strong>inm</strong></span> <span class='ocrx_word' id='word_1_159' title='bbox 826 1515 942 1542; x_wconf 81' lang='lat' dir='ltr'><strong>mittens</strong></span> <span class='ocrx_word' id='word_1_160' title='bbox 968 1514 1034 1542; x_wconf 84' lang='lat' dir='ltr'><strong>dicit</strong></span> <span class='ocrx_word' id='word_1_161' title='bbox 1061 1520 1089 1542; x_wconf 89' lang='lat' dir='ltr'><strong>tu</strong></span> <span class='ocrx_word' id='word_1_162' title='bbox 1113 1524 1143 1542; x_wconf 89' lang='lat' dir='ltr'><strong>es</strong></span> 
     </span>
     <span class='ocr_line' id='line_1_28' title="bbox 432 1561 1142 1598; baseline 0.001 -9"><span class='ocrx_word' id='word_1_163' title='bbox 432 1561 479 1598; x_wconf 93' lang='lat' dir='ltr'><strong>qui</strong></span> <span class='ocrx_word' id='word_1_164' title='bbox 496 1567 634 1589; x_wconf 83' lang='lat' dir='ltr'><strong>uenturus</strong></span> <span class='ocrx_word' id='word_1_165' title='bbox 654 1570 685 1589; x_wconf 85' lang='lat' dir='ltr'><strong>es</strong></span> <span class='ocrx_word' id='word_1_166' title='bbox 706 1567 733 1589; x_wconf 87' lang='lat' dir='ltr'><strong>et</strong></span> <span class='ocrx_word' id='word_1_167' title='bbox 756 1561 799 1589; x_wconf 80' lang='lat' dir='ltr'><strong>ihs</strong></span> <span class='ocrx_word' id='word_1_168' title='bbox 819 1561 854 1589; x_wconf 90' lang='lat' dir='ltr'><strong>de</strong></span> <span class='ocrx_word' id='word_1_169' title='bbox 877 1561 963 1590; x_wconf 74' lang='lat' dir='ltr'><strong>iohne</strong></span> <span class='ocrx_word' id='word_1_170' title='bbox 986 1561 1022 1589; x_wconf 92' lang='lat' dir='ltr'><strong>ad</strong></span> <span class='ocrx_word' id='word_1_171' title='bbox 1045 1562 1142 1590; x_wconf 84' lang='lat' dir='ltr'><strong>turbas</strong></span> 
     </span>
     <span class='ocr_line' id='line_1_29' title="bbox 432 1609 1141 1646; baseline 0.001 -10"><span class='ocrx_word' id='word_1_172' title='bbox 432 1609 557 1646; x_wconf 87' lang='lat' dir='ltr'><strong>loquitur</strong></span> <span class='ocrx_word' id='word_1_173' title='bbox 571 1614 614 1636; x_wconf 90' lang='grc'><strong>.6(</strong></span> <span class='ocrx_word' id='word_1_174' title='bbox 626 1609 785 1636; x_wconf 87' lang='lat' dir='ltr'><strong>catauimus</strong></span> <span class='ocrx_word' id='word_1_175' title='bbox 801 1609 884 1636; x_wconf 89' lang='lat' dir='ltr'><strong>uobis</strong></span> <span class='ocrx_word' id='word_1_176' title='bbox 897 1614 923 1636; x_wconf 87' lang='lat' dir='ltr'><strong>et</strong></span> <span class='ocrx_word' id='word_1_177' title='bbox 939 1618 998 1637; x_wconf 91' lang='lat' dir='ltr'><strong>non</strong></span> <span class='ocrx_word' id='word_1_178' title='bbox 1010 1609 1141 1637; x_wconf 82' lang='lat' dir='ltr'><strong>saltastis.</strong></span> 
     </span>
    </p>
   </div>
   <div class='ocr_carea' id='block_1_8' title="bbox 808 1327 1143 1362">
    <p class='ocr_par' dir='ltr' id='par_1_13' title="bbox 808 1327 1143 1362">
     <span class='ocr_line' id='line_1_30' title="bbox 808 1327 1143 1362; baseline 0.003 -9"><span class='ocrx_word' id='word_1_179' title='bbox 808 1335 929 1362; x_wconf 89' lang='lat' dir='ltr'><strong>puerum</strong></span> <span class='ocrx_word' id='word_1_180' title='bbox 966 1327 1143 1354; x_wconf 87' lang='lat' dir='ltr'><strong>centurionis</strong></span> 
     </span>
    </p>
   </div>
   <div class='ocr_carea' id='block_1_9' title="bbox 392 1654 1170 1692">
    <p class='ocr_par' dir='ltr' id='par_1_14' title="bbox 392 1654 1170 1692">
     <span class='ocr_line' id='line_1_31' title="bbox 392 1654 1170 1692; baseline 0.003 -10"><span class='ocrx_word' id='word_1_181' title='bbox 392 1654 518 1684; x_wconf 82' lang='lat' dir='ltr'><strong>XV1111.</strong></span> <span class='ocrx_word' id='word_1_182' title='bbox 542 1656 591 1683; x_wconf 71' lang='lat' dir='ltr'><strong>Ins</strong></span> <span class='ocrx_word' id='word_1_183' title='bbox 606 1656 634 1683; x_wconf 91' lang='lat' dir='ltr'><strong>in</strong></span> <span class='ocrx_word' id='word_1_184' title='bbox 650 1656 739 1684; x_wconf 91' lang='lat' dir='ltr'><strong>domo</strong></span> <span class='ocrx_word' id='word_1_185' title='bbox 763 1656 880 1684; x_wconf 84' lang='lat' dir='ltr'><strong>simonis</strong></span> <span class='ocrx_word' id='word_1_186' title='bbox 895 1655 1016 1692; x_wconf 84' lang='lat' dir='ltr'><strong>pharisei</strong></span> <span class='ocrx_word' id='word_1_187' title='bbox 1032 1665 1142 1684; x_wconf 88' lang='lat' dir='ltr'><strong>recum-</strong></span> <span class='ocrx_word' id='word_1_188' title='bbox 1168 1656 1170 1660; x_wconf 88' lang='lat'>&#39;</span> 
     </span>
    </p>
   </div>
   <div class='ocr_carea' id='block_1_10' title="bbox 391 1703 1142 1974">
    <p class='ocr_par' dir='ltr' id='par_1_15' title="bbox 431 1703 1142 1928">
     <span class='ocr_line' id='line_1_32' title="bbox 432 1703 1142 1740; baseline 0.001 -10"><span class='ocrx_word' id='word_1_189' title='bbox 432 1703 472 1731; x_wconf 92' lang='lat' dir='ltr'><strong>bit</strong></span> <span class='ocrx_word' id='word_1_190' title='bbox 503 1724 509 1730; x_wconf 89' lang='lat'><strong>.</strong></span> <span class='ocrx_word' id='word_1_191' title='bbox 539 1708 566 1731; x_wconf 92' lang='lat' dir='ltr'><strong>et</strong></span> <span class='ocrx_word' id='word_1_192' title='bbox 590 1703 691 1730; x_wconf 89' lang='lat' dir='ltr'><strong>mulier</strong></span> <span class='ocrx_word' id='word_1_193' title='bbox 715 1703 858 1739; x_wconf 83' lang='lat' dir='ltr'><strong>peccatrix</strong></span> <span class='ocrx_word' id='word_1_194' title='bbox 883 1703 1028 1730; x_wconf 86' lang='lat' dir='ltr'><strong>osculatur</strong></span> <span class='ocrx_word' id='word_1_195' title='bbox 1053 1703 1142 1740; x_wconf 91' lang='lat' dir='ltr'><strong>pedes</strong></span> 
     </span>
     <span class='ocr_line' id='line_1_33' title="bbox 431 1750 1142 1786; baseline 0.001 -9"><span class='ocrx_word' id='word_1_196' title='bbox 431 1750 493 1778; x_wconf 84' lang='lat' dir='ltr'><strong>eius</strong></span> <span class='ocrx_word' id='word_1_197' title='bbox 509 1772 514 1777; x_wconf 93' lang='lat'><strong>.</strong></span> <span class='ocrx_word' id='word_1_198' title='bbox 531 1755 559 1778; x_wconf 91' lang='lat' dir='ltr'><strong>et</strong></span> <span class='ocrx_word' id='word_1_199' title='bbox 580 1755 709 1786; x_wconf 88' lang='lat' dir='ltr'><strong>ungento</strong></span> <span class='ocrx_word' id='word_1_200' title='bbox 730 1750 811 1778; x_wconf 84' lang='lat' dir='ltr'><strong>unxit</strong></span> <span class='ocrx_word' id='word_1_201' title='bbox 829 1772 834 1776; x_wconf 94' lang='lat'><strong>.</strong></span> <span class='ocrx_word' id='word_1_202' title='bbox 850 1750 897 1777; x_wconf 93' lang='lat' dir='ltr'><strong>ubi</strong></span> <span class='ocrx_word' id='word_1_203' title='bbox 917 1750 1087 1786; x_wconf 84' lang='lat' dir='ltr'><strong>parabolam</strong></span> <span class='ocrx_word' id='word_1_204' title='bbox 1108 1751 1142 1778; x_wconf 88' lang='lat' dir='ltr'><strong>de</strong></span> 
     </span>
     <span class='ocr_line' id='line_1_34' title="bbox 432 1796 1142 1833; baseline 0 -9"><span class='ocrx_word' id='word_1_205' title='bbox 432 1797 547 1825; x_wconf 89' lang='lat' dir='ltr'><strong>duobus</strong></span> <span class='ocrx_word' id='word_1_206' title='bbox 568 1796 745 1825; x_wconf 82' lang='lat' dir='ltr'><strong>debitoribus</strong></span> <span class='ocrx_word' id='word_1_207' title='bbox 767 1797 848 1833; x_wconf 90' lang='lat' dir='ltr'><strong>ponit</strong></span> <span class='ocrx_word' id='word_1_208' title='bbox 866 1819 871 1824; x_wconf 91' lang='lat'><strong>.</strong></span> <span class='ocrx_word' id='word_1_209' title='bbox 887 1802 914 1824; x_wconf 89' lang='lat' dir='ltr'><strong>et</strong></span> <span class='ocrx_word' id='word_1_210' title='bbox 937 1797 971 1824; x_wconf 89' lang='lat' dir='ltr'><strong>de</strong></span> <span class='ocrx_word' id='word_1_211' title='bbox 993 1798 1083 1825; x_wconf 86' lang='lat' dir='ltr'><strong>maria</strong></span> <span class='ocrx_word' id='word_1_212' title='bbox 1105 1797 1142 1825; x_wconf 89' lang='grc'><strong>(16</strong></span> 
     </span>
     <span class='ocr_line' id='line_1_35' title="bbox 431 1844 1142 1881; baseline 0 -9"><span class='ocrx_word' id='word_1_213' title='bbox 431 1853 488 1881; x_wconf 89' lang='lat' dir='ltr'><strong>qua</strong></span> <span class='ocrx_word' id='word_1_214' title='bbox 510 1851 621 1881; x_wconf 79' lang='lat' dir='ltr'><strong>septem</strong></span> <span class='ocrx_word' id='word_1_215' title='bbox 644 1844 779 1872; x_wconf 84' lang='lat' dir='ltr'><strong>demonia</strong></span> <span class='ocrx_word' id='word_1_216' title='bbox 801 1844 881 1871; x_wconf 88' lang='lat' dir='ltr'><strong>eiecit</strong></span> <span class='ocrx_word' id='word_1_217' title='bbox 906 1866 911 1870; x_wconf 93' lang='lat'><strong>.</strong></span> <span class='ocrx_word' id='word_1_218' title='bbox 935 1849 962 1871; x_wconf 89' lang='lat' dir='ltr'><strong>et</strong></span> <span class='ocrx_word' id='word_1_219' title='bbox 984 1844 1018 1871; x_wconf 90' lang='lat' dir='ltr'><strong>de</strong></span> <span class='ocrx_word' id='word_1_220' title='bbox 1042 1845 1142 1872; x_wconf 82' lang='lat' dir='ltr'><strong>ceteris</strong></span> 
     </span>
     <span class='ocr_line' id='line_1_36' title="bbox 432 1891 870 1928; baseline -0.005 -9"><span class='ocrx_word' id='word_1_221' title='bbox 432 1900 487 1928; x_wconf 86' lang='lat' dir='ltr'><strong>que</strong></span> <span class='ocrx_word' id='word_1_222' title='bbox 503 1891 654 1919; x_wconf 90' lang='lat' dir='ltr'><strong>dominum</strong></span> <span class='ocrx_word' id='word_1_223' title='bbox 670 1891 870 1927; x_wconf 84' lang='lat' dir='ltr'><strong>sequebantur.</strong></span> 
     </span>
    </p>

    <p class='ocr_par' dir='ltr' id='par_1_16' title="bbox 391 1937 1141 1974">
     <span class='ocr_line' id='line_1_37' title="bbox 391 1937 1141 1974; baseline 0 -9"><span class='ocrx_word' id='word_1_224' title='bbox 391 1938 457 1965; x_wconf 86' lang='lat' dir='ltr'><strong>XX.</strong></span> <span class='ocrx_word' id='word_1_225' title='bbox 480 1937 526 1965; x_wconf 88' lang='lat' dir='ltr'><strong>De</strong></span> <span class='ocrx_word' id='word_1_226' title='bbox 546 1938 713 1974; x_wconf 83' lang='lat' dir='ltr'><strong>parabolam</strong></span> <span class='ocrx_word' id='word_1_227' title='bbox 735 1938 901 1965; x_wconf 80' lang='lat' dir='ltr'><strong>seminantis</strong></span> <span class='ocrx_word' id='word_1_228' title='bbox 918 1959 923 1964; x_wconf 91' lang='lat'><strong>.</strong></span> <span class='ocrx_word' id='word_1_229' title='bbox 940 1944 966 1965; x_wconf 90' lang='lat' dir='ltr'><strong>et</strong></span> <span class='ocrx_word' id='word_1_230' title='bbox 986 1946 1072 1965; x_wconf 85' lang='lat' dir='ltr'><strong>nemo</strong></span> <span class='ocrx_word' id='word_1_231' title='bbox 1094 1947 1141 1965; x_wconf 78' lang='lat' dir='ltr'><strong>ac-</strong></span> 
     </span>
    </p>
   </div>
   <div class='ocr_carea' id='block_1_11' title="bbox 432 1984 1168 2024">
    <p class='ocr_par' dir='ltr' id='par_1_17' title="bbox 432 1984 1168 2024">
     <span class='ocr_line' id='line_1_38' title="bbox 432 1984 1168 2024; baseline 0 -12"><span class='ocrx_word' id='word_1_232' title='bbox 432 1984 527 2013; x_wconf 82' lang='lat' dir='ltr'><strong>cendit</strong></span> <span class='ocrx_word' id='word_1_233' title='bbox 542 1984 687 2012; x_wconf 89' lang='lat' dir='ltr'><strong>]ucernam</strong></span> <span class='ocrx_word' id='word_1_234' title='bbox 705 2006 711 2012; x_wconf 83' lang='lat'><strong>.</strong></span> <span class='ocrx_word' id='word_1_235' title='bbox 727 1990 755 2012; x_wconf 86' lang='lat' dir='ltr'><strong>et</strong></span> <span class='ocrx_word' id='word_1_236' title='bbox 772 1984 820 2021; x_wconf 85' lang='lat' dir='ltr'><strong>qui</strong></span> <span class='ocrx_word' id='word_1_237' title='bbox 842 1984 907 2012; x_wconf 86' lang='lat' dir='ltr'><strong>abet</strong></span> <span class='ocrx_word' id='word_1_238' title='bbox 924 1984 1036 2012; x_wconf 85' lang='lat' dir='ltr'><strong>dabitur</strong></span> <span class='ocrx_word' id='word_1_239' title='bbox 1051 1984 1075 2012; x_wconf 92' lang='lat' dir='ltr'><strong>ei</strong></span> <span class='ocrx_word' id='word_1_240' title='bbox 1092 2007 1097 2013; x_wconf 90' lang='lat'><strong>.</strong></span> <span class='ocrx_word' id='word_1_241' title='bbox 1114 1990 1141 2012; x_wconf 86' lang='lat' dir='ltr'><strong>et</strong></span> <span class='ocrx_word' id='word_1_242' title='bbox 1167 2021 1168 2024; x_wconf 13' lang='grc' dir='ltr'><strong>Ἴ</strong></span> 
     </span>
    </p>
   </div>
   <div class='ocr_carea' id='block_1_12' title="bbox 392 2031 1141 2594">
    <p class='ocr_par' dir='ltr' id='par_1_18' title="bbox 432 2031 1065 2059">
     <span class='ocr_line' id='line_1_39' title="bbox 432 2031 1065 2059; baseline -0.002 0"><span class='ocrx_word' id='word_1_243' title='bbox 432 2041 499 2059; x_wconf 85' lang='lat' dir='ltr'><strong>ecce</strong></span> <span class='ocrx_word' id='word_1_244' title='bbox 515 2037 604 2059; x_wconf 87' lang='lat' dir='ltr'><strong>mater</strong></span> <span class='ocrx_word' id='word_1_245' title='bbox 620 2037 668 2059; x_wconf 84' lang='lat' dir='ltr'><strong>tua</strong></span> <span class='ocrx_word' id='word_1_246' title='bbox 683 2036 710 2059; x_wconf 89' lang='lat' dir='ltr'><strong>et</strong></span> <span class='ocrx_word' id='word_1_247' title='bbox 727 2031 826 2059; x_wconf 79' lang='lat' dir='ltr'><strong>fratres</strong></span> <span class='ocrx_word' id='word_1_248' title='bbox 845 2031 884 2058; x_wconf 85' lang='lat' dir='ltr'><strong>tui</strong></span> <span class='ocrx_word' id='word_1_249' title='bbox 901 2031 967 2058; x_wconf 81' lang='lat' dir='ltr'><strong>soris</strong></span> <span class='ocrx_word' id='word_1_250' title='bbox 983 2036 1065 2058; x_wconf 84' lang='lat' dir='ltr'><strong>stant.</strong></span> 
     </span>
    </p>

    <p class='ocr_par' dir='ltr' id='par_1_19' title="bbox 393 2077 1141 2161">
     <span class='ocr_line' id='line_1_40' title="bbox 393 2077 1141 2106; baseline -0.001 0"><span class='ocrx_word' id='word_1_251' title='bbox 393 2078 474 2106; x_wconf 91' lang='lat' dir='ltr'><strong>XXI.</strong></span> <span class='ocrx_word' id='word_1_252' title='bbox 498 2078 546 2106; x_wconf 79' lang='lat' dir='ltr'><strong>lhs</strong></span> <span class='ocrx_word' id='word_1_253' title='bbox 571 2079 600 2106; x_wconf 90' lang='lat' dir='ltr'><strong>in</strong></span> <span class='ocrx_word' id='word_1_254' title='bbox 626 2078 761 2106; x_wconf 88' lang='lat' dir='ltr'><strong>nauicula</strong></span> <span class='ocrx_word' id='word_1_255' title='bbox 785 2077 890 2105; x_wconf 86' lang='lat' dir='ltr'><strong>dormit</strong></span> <span class='ocrx_word' id='word_1_256' title='bbox 917 2100 921 2104; x_wconf 94' lang='lat'><strong>.</strong></span> <span class='ocrx_word' id='word_1_257' title='bbox 942 2083 969 2105; x_wconf 87' lang='lat' dir='ltr'><strong>et</strong></span> <span class='ocrx_word' id='word_1_258' title='bbox 991 2078 1141 2105; x_wconf 85' lang='lat' dir='ltr'><strong>suscitatus</strong></span> 
     </span>
     <span class='ocr_line' id='line_1_41' title="bbox 432 2125 861 2161; baseline -0.002 -8"><span class='ocrx_word' id='word_1_259' title='bbox 432 2130 551 2153; x_wconf 89' lang='lat' dir='ltr'><strong>uentum</strong></span> <span class='ocrx_word' id='word_1_260' title='bbox 568 2131 593 2153; x_wconf 91' lang='lat' dir='ltr'><strong>et</strong></span> <span class='ocrx_word' id='word_1_261' title='bbox 611 2134 688 2152; x_wconf 87' lang='lat' dir='ltr'><strong>mare</strong></span> <span class='ocrx_word' id='word_1_262' title='bbox 704 2125 861 2161; x_wconf 80' lang='lat' dir='ltr'><strong>conpescit.</strong></span> 
     </span>
    </p>

    <p class='ocr_par' dir='ltr' id='par_1_20' title="bbox 392 2172 1139 2248">
     <span class='ocr_line' id='line_1_42' title="bbox 392 2172 1139 2210; baseline -0.001 -9"><span class='ocrx_word' id='word_1_263' title='bbox 392 2173 489 2201; x_wconf 89' lang='lat' dir='ltr'><strong>XXII.</strong></span> <span class='ocrx_word' id='word_1_264' title='bbox 513 2172 545 2200; x_wconf 91' lang='lat' dir='ltr'><strong>In</strong></span> <span class='ocrx_word' id='word_1_265' title='bbox 564 2173 681 2209; x_wconf 85' lang='lat' dir='ltr'><strong>regione</strong></span> <span class='ocrx_word' id='word_1_266' title='bbox 703 2181 908 2210; x_wconf 81' lang='lat' dir='ltr'><strong>gerasenorum</strong></span> <span class='ocrx_word' id='word_1_267' title='bbox 932 2172 1075 2209; x_wconf 83' lang='lat' dir='ltr'><strong>legionem</strong></span> <span class='ocrx_word' id='word_1_268' title='bbox 1091 2172 1139 2200; x_wconf 83' lang='lat' dir='ltr'><strong>de-</strong></span> 
     </span>
     <span class='ocr_line' id='line_1_43' title="bbox 433 2219 928 2248; baseline 0 -2"><span class='ocrx_word' id='word_1_269' title='bbox 433 2219 563 2247; x_wconf 86' lang='lat' dir='ltr'><strong>monium</strong></span> <span class='ocrx_word' id='word_1_270' title='bbox 579 2220 616 2247; x_wconf 90' lang='lat' dir='ltr'><strong>ab</strong></span> <span class='ocrx_word' id='word_1_271' title='bbox 631 2220 667 2247; x_wconf 88' lang='lat' dir='ltr'><strong>ab</strong></span> <span class='ocrx_word' id='word_1_272' title='bbox 683 2219 800 2248; x_wconf 87' lang='lat' dir='ltr'><strong>homine</strong></span> <span class='ocrx_word' id='word_1_273' title='bbox 815 2219 928 2246; x_wconf 87' lang='lat' dir='ltr'><strong>eiciens.</strong></span> 
     </span>
    </p>

    <p class='ocr_par' dir='ltr' id='par_1_21' title="bbox 393 2266 1141 2350">
     <span class='ocr_line' id='line_1_44' title="bbox 393 2266 1141 2303; baseline -0.003 -9"><span class='ocrx_word' id='word_1_274' title='bbox 393 2266 505 2294; x_wconf 86' lang='lat' dir='ltr'><strong>XXIII.</strong></span> <span class='ocrx_word' id='word_1_275' title='bbox 542 2266 643 2294; x_wconf 87' lang='lat' dir='ltr'><strong>Filiam</strong></span> <span class='ocrx_word' id='word_1_276' title='bbox 679 2266 739 2294; x_wconf 89' lang='lat' dir='ltr'><strong>iairi</strong></span> <span class='ocrx_word' id='word_1_277' title='bbox 768 2266 906 2303; x_wconf 86' lang='lat' dir='ltr'><strong>principis</strong></span> <span class='ocrx_word' id='word_1_278' title='bbox 935 2266 1051 2293; x_wconf 75' lang='lat' dir='ltr'><strong>suscitat</strong></span> <span class='ocrx_word' id='word_1_279' title='bbox 1081 2287 1086 2292; x_wconf 99' lang='lat'><strong>.</strong></span> <span class='ocrx_word' id='word_1_280' title='bbox 1114 2271 1141 2293; x_wconf 83' lang='lat' dir='ltr'><strong>et</strong></span> 
     </span>
     <span class='ocr_line' id='line_1_45' title="bbox 432 2313 926 2350; baseline -0.004 -9"><span class='ocrx_word' id='word_1_281' title='bbox 432 2313 580 2342; x_wconf 89' lang='lat' dir='ltr'><strong>mulierem</strong></span> <span class='ocrx_word' id='word_1_282' title='bbox 603 2323 619 2341; x_wconf 88' lang='lat' dir='ltr'><strong>a</strong></span> <span class='ocrx_word' id='word_1_283' title='bbox 641 2313 815 2350; x_wconf 88' lang='lat' dir='ltr'><strong>profluuium</strong></span> <span class='ocrx_word' id='word_1_284' title='bbox 838 2317 926 2340; x_wconf 86' lang='lat' dir='ltr'><strong>sanat.</strong></span> 
     </span>
    </p>

    <p class='ocr_par' dir='ltr' id='par_1_22' title="bbox 393 2358 1141 2537">
     <span class='ocr_line' id='line_1_46' title="bbox 393 2358 1139 2397; baseline -0.003 -9"><span class='ocrx_word' id='word_1_285' title='bbox 393 2358 517 2388; x_wconf 87' lang='lat' dir='ltr'><strong>XXIII¹.</strong></span> <span class='ocrx_word' id='word_1_286' title='bbox 533 2360 706 2388; x_wconf 87' lang='lat' dir='ltr'><strong>Potestatem</strong></span> <span class='ocrx_word' id='word_1_287' title='bbox 717 2360 862 2397; x_wconf 85' lang='lat' dir='ltr'><strong>discipulis</strong></span> <span class='ocrx_word' id='word_1_288' title='bbox 878 2359 934 2387; x_wconf 90' lang='lat' dir='ltr'><strong>suis</strong></span> <span class='ocrx_word' id='word_1_289' title='bbox 946 2359 993 2387; x_wconf 90' lang='lat' dir='ltr'><strong>dat</strong></span> <span class='ocrx_word' id='word_1_290' title='bbox 1005 2359 1139 2387; x_wconf 87' lang='lat' dir='ltr'><strong>curandi.</strong></span> 
     </span>
     <span class='ocr_line' id='line_1_47' title="bbox 433 2406 1141 2444; baseline -0.003 -9"><span class='ocrx_word' id='word_1_291' title='bbox 433 2412 460 2436; x_wconf 88' lang='lat' dir='ltr'><strong>et</strong></span> <span class='ocrx_word' id='word_1_292' title='bbox 482 2407 566 2435; x_wconf 86' lang='lat' dir='ltr'><strong>mittit</strong></span> <span class='ocrx_word' id='word_1_293' title='bbox 587 2416 638 2435; x_wconf 88' lang='lat' dir='ltr'><strong>eos</strong></span> <span class='ocrx_word' id='word_1_294' title='bbox 660 2412 689 2435; x_wconf 91' lang='lat' dir='ltr'><strong>ut</strong></span> <span class='ocrx_word' id='word_1_295' title='bbox 712 2407 859 2444; x_wconf 89' lang='lat' dir='ltr'><strong>predicent</strong></span> <span class='ocrx_word' id='word_1_296' title='bbox 881 2428 886 2433; x_wconf 92' lang='lat'><strong>.</strong></span> <span class='ocrx_word' id='word_1_297' title='bbox 904 2412 932 2434; x_wconf 87' lang='lat' dir='ltr'><strong>et</strong></span> <span class='ocrx_word' id='word_1_298' title='bbox 955 2406 989 2434; x_wconf 88' lang='lat' dir='ltr'><strong>de</strong></span> <span class='ocrx_word' id='word_1_299' title='bbox 1011 2406 1092 2443; x_wconf 83' lang='lat' dir='ltr'><strong>uirga</strong></span> <span class='ocrx_word' id='word_1_300' title='bbox 1113 2412 1141 2434; x_wconf 89' lang='lat' dir='ltr'><strong>et</strong></span> 
     </span>
     <span class='ocr_line' id='line_1_48' title="bbox 433 2453 1139 2491; baseline -0.003 -9"><span class='ocrx_word' id='word_1_301' title='bbox 433 2463 501 2491; x_wconf 87' lang='lat' dir='ltr'><strong>pera</strong></span> <span class='ocrx_word' id='word_1_302' title='bbox 517 2476 522 2481; x_wconf 99' lang='lat'><strong>.</strong></span> <span class='ocrx_word' id='word_1_303' title='bbox 538 2459 565 2482; x_wconf 91' lang='lat' dir='ltr'><strong>et</strong></span> <span class='ocrx_word' id='word_1_304' title='bbox 586 2454 725 2491; x_wconf 82' lang='lat' dir='ltr'><strong>peccunia</strong></span> <span class='ocrx_word' id='word_1_305' title='bbox 743 2459 770 2482; x_wconf 90' lang='lat' dir='ltr'><strong>et</strong></span> <span class='ocrx_word' id='word_1_306' title='bbox 789 2453 913 2481; x_wconf 86' lang='lat' dir='ltr'><strong>herodes</strong></span> <span class='ocrx_word' id='word_1_307' title='bbox 936 2453 971 2480; x_wconf 87' lang='lat' dir='ltr'><strong>de</strong></span> <span class='ocrx_word' id='word_1_308' title='bbox 989 2453 1037 2480; x_wconf 77' lang='lat' dir='ltr'><strong>ihu</strong></span> <span class='ocrx_word' id='word_1_309' title='bbox 1058 2453 1139 2481; x_wconf 89' lang='lat' dir='ltr'><strong>inter—</strong></span> 
     </span>
     <span class='ocr_line' id='line_1_49' title="bbox 433 2506 521 2537; baseline -0.023 -9"><span class='ocrx_word' id='word_1_310' title='bbox 433 2506 521 2537; x_wconf 81' lang='lat' dir='ltr'><strong>rogat.</strong></span> 
     </span>
    </p>

    <p class='ocr_par' dir='ltr' id='par_1_23' title="bbox 425 2570 698 2594">
     <span class='ocr_line' id='line_1_50' title="bbox 425 2570 698 2594; baseline 0.004 -1"><span class='ocrx_word' id='word_1_311' title='bbox 425 2570 512 2594; x_wconf 88' lang='lat' dir='ltr'><strong>XIIII.</strong></span> <span class='ocrx_word' id='word_1_312' title='bbox 531 2578 559 2594; x_wconf 76' lang='lat' dir='ltr'><strong>se</strong></span> <span class='ocrx_word' id='word_1_313' title='bbox 572 2571 608 2594; x_wconf 80' lang='lat' dir='ltr'><strong>ita</strong></span> <span class='ocrx_word' id='word_1_314' title='bbox 621 2571 698 2594; x_wconf 69' lang='lat' dir='ltr'><strong>codex.</strong></span> 
     </span>
    </p>
   </div>
   <div class='ocr_carea' id='block_1_13' title="bbox 425 2603 748 2660">
    <p class='ocr_par' dir='ltr' id='par_1_24' title="bbox 425 2603 748 2660">
     <span class='ocr_line' id='line_1_51' title="bbox 426 2603 735 2634; baseline 0.003 -9"><span class='ocrx_word' id='word_1_315' title='bbox 426 2603 536 2626; x_wconf 86' lang='lat' dir='ltr'><strong>XVIIII.</strong></span> <span class='ocrx_word' id='word_1_316' title='bbox 555 2608 678 2634; x_wconf 78' lang='lat' dir='ltr'><strong>unguento</strong></span> <span class='ocrx_word' id='word_1_317' title='bbox 690 2612 735 2626; x_wconf 77' lang='lat' dir='ltr'><strong>cor.</strong></span> 
     </span>
     <span class='ocr_line' id='line_1_52' title="bbox 425 2636 748 2660; baseline 0.003 -2"><span class='ocrx_word' id='word_1_318' title='bbox 425 2636 508 2659; x_wconf 86' lang='lat' dir='ltr'><strong>XXII.</strong></span> <span class='ocrx_word' id='word_1_319' title='bbox 527 2637 562 2658; x_wconf 76' lang='lat' dir='ltr'><strong>ab</strong></span> <span class='ocrx_word' id='word_1_320' title='bbox 575 2638 609 2659; x_wconf 77' lang='lat' dir='ltr'><strong>ab</strong></span> <span class='ocrx_word' id='word_1_321' title='bbox 622 2636 658 2659; x_wconf 79' lang='lat' dir='ltr'><strong>ita</strong></span> <span class='ocrx_word' id='word_1_322' title='bbox 670 2636 748 2660; x_wconf 67' lang='grc' dir='ltr'><strong>τοιίεκ.</strong></span> 
     </span>
    </p>
   </div>
   <div class='ocr_carea' id='block_1_14' title="bbox 1164 365 1174 2653">
    <p class='ocr_par' dir='ltr' id='par_1_25' title="bbox 1164 365 1174 2653">
     <span class='ocr_line' id='line_1_53' title="bbox 1164 365 1174 2653; baseline 0 0"><span class='ocrx_word' id='word_1_323' title='bbox 1164 365 1174 2653; x_wconf 95' lang='lat' dir='ltr'><strong> </strong></span> 
     </span>
    </p>
   </div>
   <div class='ocr_carea' id='block_1_15' title="bbox 1043 244 1285 274">
    <p class='ocr_par' dir='ltr' id='par_1_26' title="bbox 1043 244 1285 274">
     <span class='ocr_line' id='line_1_54' title="bbox 1043 244 1285 274; baseline 0 -1"><span class='ocrx_word' id='word_1_324' title='bbox 1043 244 1285 274; x_wconf 70' lang='lat' dir='ltr'><em>EPJLOGCS.</em></span> 
     </span>
    </p>
   </div>
   <div class='ocr_carea' id='block_1_16' title="bbox 1472 339 1674 369">
    <p class='ocr_par' dir='ltr' id='par_1_27' title="bbox 1472 339 1674 369">
     <span class='ocr_line' id='line_1_55' title="bbox 1472 339 1674 369; baseline 0.005 -8"><span class='ocrx_word' id='word_1_325' title='bbox 1472 339 1532 361; x_wconf 71' lang='lat' dir='ltr'><strong>Par.</strong></span> <span class='ocrx_word' id='word_1_326' title='bbox 1547 339 1603 362; x_wconf 78' lang='lat' dir='ltr'><strong>Lat,</strong></span> <span class='ocrx_word' id='word_1_327' title='bbox 1618 344 1674 369; x_wconf 76' lang='lat'><strong>277.</strong></span> 
     </span>
    </p>
   </div>
   <div class='ocr_carea' id='block_1_17' title="bbox 1195 1327 1949 1450">
    <p class='ocr_par' dir='ltr' id='par_1_28' title="bbox 1195 1327 1949 1450">
     <span class='ocr_line' id='line_1_56' title="bbox 1195 1327 1947 1365; baseline 0.001 -10"><span class='ocrx_word' id='word_1_328' title='bbox 1195 1328 1246 1355; x_wconf 89' lang='lat' dir='ltr'><strong>XI.</strong></span> <span class='ocrx_word' id='word_1_329' title='bbox 1270 1327 1454 1356; x_wconf 89' lang='lat' dir='ltr'><strong>Centurionis</strong></span> <span class='ocrx_word' id='word_1_330' title='bbox 1477 1337 1598 1365; x_wconf 89' lang='lat' dir='ltr'><strong>puerum</strong></span> <span class='ocrx_word' id='word_1_331' title='bbox 1621 1333 1701 1356; x_wconf 83' lang='lat' dir='ltr'><strong>curat</strong></span> <span class='ocrx_word' id='word_1_332' title='bbox 1723 1350 1728 1356; x_wconf 97' lang='lat'><strong>.</strong></span> <span class='ocrx_word' id='word_1_333' title='bbox 1751 1328 1836 1356; x_wconf 91' lang='lat' dir='ltr'><strong>uidue</strong></span> <span class='ocrx_word' id='word_1_334' title='bbox 1859 1328 1947 1356; x_wconf 88' lang='lat' dir='ltr'><strong>filiurn</strong></span> 
     </span>
     <span class='ocr_line' id='line_1_57' title="bbox 1237 1375 1949 1412; baseline 0 -9"><span class='ocrx_word' id='word_1_335' title='bbox 1237 1376 1383 1403; x_wconf 84' lang='lat' dir='ltr'><strong>resuscitat</strong></span> <span class='ocrx_word' id='word_1_336' title='bbox 1414 1397 1419 1402; x_wconf 95' lang='lat'><strong>.</strong></span> <span class='ocrx_word' id='word_1_337' title='bbox 1449 1375 1591 1403; x_wconf 88' lang='lat' dir='ltr'><strong>iohannes</strong></span> <span class='ocrx_word' id='word_1_338' title='bbox 1620 1375 1776 1412; x_wconf 88' lang='lat' dir='ltr'><strong>discipulos</strong></span> <span class='ocrx_word' id='word_1_339' title='bbox 1801 1376 1886 1403; x_wconf 86' lang='lat' dir='ltr'><strong>mittit</strong></span> <span class='ocrx_word' id='word_1_340' title='bbox 1912 1375 1949 1403; x_wconf 92' lang='lat' dir='ltr'><strong>ad</strong></span> 
     </span>
     <span class='ocr_line' id='line_1_58' title="bbox 1237 1423 1303 1450; baseline 0 0"><span class='ocrx_word' id='word_1_341' title='bbox 1237 1423 1303 1450; x_wconf 78' lang='lat' dir='ltr'><strong>ihm.</strong></span> 
     </span>
    </p>
   </div>
   <div class='ocr_carea' id='block_1_18' title="bbox 1194 2265 1943 2444">
    <p class='ocr_par' dir='ltr' id='par_1_29' title="bbox 1194 2265 1942 2351">
     <span class='ocr_line' id='line_1_59' title="bbox 1194 2265 1942 2295; baseline 0.001 -2"><span class='ocrx_word' id='word_1_342' title='bbox 1194 2265 1261 2293; x_wconf 94' lang='lat' dir='ltr'><strong>XII.</strong></span> <span class='ocrx_word' id='word_1_343' title='bbox 1278 2266 1343 2294; x_wconf 86' lang='lat' dir='ltr'><strong>Iairi</strong></span> <span class='ocrx_word' id='word_1_344' title='bbox 1355 2267 1440 2294; x_wconf 85' lang='lat' dir='ltr'><strong>filiam</strong></span> <span class='ocrx_word' id='word_1_345' title='bbox 1453 2267 1521 2295; x_wconf 90' lang='lat' dir='ltr'><strong>dum</strong></span> <span class='ocrx_word' id='word_1_346' title='bbox 1534 2268 1585 2295; x_wconf 87' lang='lat' dir='ltr'><strong>iret</strong></span> <span class='ocrx_word' id='word_1_347' title='bbox 1598 2268 1764 2295; x_wconf 81' lang='lat' dir='ltr'><strong>resuscitare</strong></span> <span class='ocrx_word' id='word_1_348' title='bbox 1779 2267 1942 2295; x_wconf 85' lang='lat' dir='ltr'><strong>.mulierem</strong></span> 
     </span>
     <span class='ocr_line' id='line_1_60' title="bbox 1234 2313 1834 2351; baseline 0.002 -10"><span class='ocrx_word' id='word_1_349' title='bbox 1234 2323 1251 2341; x_wconf 87' lang='lat' dir='ltr'><strong>a</strong></span> <span class='ocrx_word' id='word_1_350' title='bbox 1264 2313 1405 2350; x_wconf 86' lang='lat' dir='ltr'><strong>profluuio</strong></span> <span class='ocrx_word' id='word_1_351' title='bbox 1422 2314 1521 2342; x_wconf 87' lang='lat' dir='ltr'><strong>liberat</strong></span> <span class='ocrx_word' id='word_1_352' title='bbox 1538 2337 1543 2342; x_wconf 94' lang='lat'><strong>.</strong></span> <span class='ocrx_word' id='word_1_353' title='bbox 1560 2314 1683 2351; x_wconf 89' lang='lat' dir='ltr'><strong>puellam</strong></span> <span class='ocrx_word' id='word_1_354' title='bbox 1701 2314 1834 2342; x_wconf 85' lang='lat' dir='ltr'><strong>uiuificat.</strong></span> 
     </span>
    </p>

    <p class='ocr_par' dir='ltr' id='par_1_30' title="bbox 1194 2359 1943 2444">
     <span class='ocr_line' id='line_1_61' title="bbox 1194 2359 1943 2398; baseline 0.001 -11"><span class='ocrx_word' id='word_1_355' title='bbox 1194 2359 1277 2387; x_wconf 93' lang='lat' dir='ltr'><strong>XIII.</strong></span> <span class='ocrx_word' id='word_1_356' title='bbox 1312 2360 1430 2388; x_wconf 89' lang='lat' dir='ltr'><strong>Mittens</strong></span> <span class='ocrx_word' id='word_1_357' title='bbox 1460 2361 1617 2398; x_wconf 89' lang='lat' dir='ltr'><strong>discipulos</strong></span> <span class='ocrx_word' id='word_1_358' title='bbox 1646 2361 1796 2398; x_wconf 86' lang='lat' dir='ltr'><strong>predicare</strong></span> <span class='ocrx_word' id='word_1_359' title='bbox 1825 2360 1873 2389; x_wconf 82' lang='lat' dir='ltr'><strong>dat</strong></span> <span class='ocrx_word' id='word_1_360' title='bbox 1902 2360 1943 2388; x_wconf 84' lang='lat' dir='ltr'><strong>eis</strong></span> 
     </span>
     <span class='ocr_line' id='line_1_62' title="bbox 1235 2413 1554 2444; baseline 0.006 -10"><span class='ocrx_word' id='word_1_361' title='bbox 1235 2416 1350 2435; x_wconf 88' lang='lat' dir='ltr'><strong>omnem</strong></span> <span class='ocrx_word' id='word_1_362' title='bbox 1374 2413 1554 2444; x_wconf 85' lang='lat' dir='ltr'><strong>potestatem.</strong></span> 
     </span>
    </p>
   </div>
  </div>
 </body>
</html>
