2258 3157
428 317 750 357 PRAEFATIO
798 315 1105 354 EDITORUM
1160 310 1735 352 PROLEGOMENORUM

610 400 763 438 LOCO
812 398 1168 438 EUANGELIIS
1216 396 1554 435 PRAEMISSA.

593 546 675 576 CAP.
702 546 727 576 Ι.
777 544 826 574 De
849 544 952 583 operis
975 544 1100 573 ratione
1122 547 1154 572 et
1174 542 1213 572 de
1235 541 1478 582 dffcultalz'bns
1496 541 1574 571 eius.

378 621 560 651 UNDECIM
580 619 645 649 fere
664 617 739 648 anni
764 616 866 656 elapsi
888 621 963 646 sunt
987 626 1029 646 ex
1053 625 1118 655 quo
1143 615 1250 645 editor
1269 614 1343 644 huic
1368 614 1480 651 labori,
1495 616 1626 644 textum
1648 621 1691 642 sc.
1714 611 1831 641 Hiero-

333 673 525 713 nymianum
562 671 650 701 Noui
674 668 877 700 Testamenti
905 678 947 698 ex
980 667 1148 698 codicibus
1181 666 1325 705 antiquis
1353 666 1494 701 eruendi,
1523 674 1655 695 manum
1691 663 1831 703 primam

332 724 492 765 adposuit.
540 722 634 762 Opus
658 731 733 751 sane
757 721 800 751 ob
828 719 1070 750 multitudinem
1097 719 1229 749 testium
1255 722 1287 748 et
1315 717 1507 747 uarietatem
1536 715 1769 752 recensionum,
1794 718 1830 744 ut

332 786 445 807 omnes
462 775 550 805 docti
571 774 686 810 sciunt,
703 771 834 802 difficile
853 776 912 802 est.
960 771 998 800 In
1016 781 1081 810 quo
1105 770 1209 800 multa
1228 769 1361 809 quidem
1382 778 1439 808 per
1460 768 1522 798 hoc
1547 773 1679 807 tempus
1696 766 1833 797 clariora

332 832 520 862 euenerunt,
545 826 601 856 sed
631 824 734 855 multa
761 824 825 854 iam
851 823 951 853 dubia
976 827 1060 859 sunt,
1088 822 1279 862 praesertim
1307 830 1382 850 cum
1410 820 1505 860 pauci
1533 820 1565 849 in
1592 819 1654 849 hoc
1682 818 1832 849 codicum

335 880 526 911 Latinorum
555 876 745 917 labyrintho
770 876 826 906 fidi
859 876 958 905 duces
985 874 1182 905 exstiterint.
1230 872 1319 912 Quid
1352 871 1610 902 antecessoribus
1640 871 1705 901 suis
1738 870 1834 900 Desi-

333 932 424 962 derio
461 931 612 966 Erasmo,
647 928 795 959 Roberto
832 927 1012 966 Stephano,
1049 926 1118 956 Ioh.
1156 925 1331 961 Hentenio‚
1363 923 1514 954 Antonio
1546 922 1690 959 Carafae,
1724 922 1835 952 Lucae

336 983 502 1023 Brugensi,
529 982 650 1012 Iacobo
679 980 814 1020 Lelong,
840 979 983 1009 Ricardo
1017 978 1142 1013 Simon,
1169 976 1312 1006 Ricardo
1338 975 1495 1010 Bentleio‚
1522 974 1661 1004 Iohanni
1687 973 1836 1008 Walker‚

336 1036 377 1067 D.
397 1034 537 1070 Casleio,
561 1033 700 1064 Iohanni
723 1031 937 1068 Martianaeo,
960 1031 1056 1060 Petro
1080 1028 1240 1064 Sabatier,
1260 1027 1377 1058 Carolo
1394 1026 1597 1062 Vercellone,
1615 1025 1835 1056 Constantino

334 1085 559 1120 Tischendorf,
573 1085 609 1115 F.
625 1085 668 1115 H.
680 1084 721 1114 A.
734 1083 911 1118 Scrivener,
927 1081 1054 1112 Brooke
1069 1081 1150 1111 Foss
1164 1079 1329 1110 Westcott
1346 1084 1378 1109 et
1397 1079 1430 1109 F.
1446 1079 1469 1108 Ι.
1484 1078 1528 1108 Α.
1542 1078 1640 1115 Hort,
1654 1077 1835 1116 ceterisque

334 1140 389 1179 qui
413 1138 463 1168 his
487 1137 604 1167 studiis
628 1136 733 1166 lucem
758 1134 925 1165 attulerint
947 1134 1025 1164 haec
1047 1143 1146 1173 opera
1170 1137 1281 1162 nostra
1305 1131 1464 1166 debuerit,
1486 1130 1605 1169 partim
1630 1130 1661 1159 in
1681 1128 1835 1159 fasciculo

335 1191 441 1232 primo
457 1194 611 1220 textuum
630 1192 778 1218 ueterum
797 1186 992 1216 Latinorum
1011 1184 1135 1215 Oxonii
1153 1184 1315 1214 editorum
1333 1183 1398 1212 iam
1416 1186 1633 1212 monstratum
1651 1186 1698 1211 est
1707 1179 1728 1210 ¹.
1768 1180 1834 1211 Sed

336 1253 432 1273 nemo
449 1253 491 1272 ex
509 1241 567 1276 his,
584 1245 744 1280 quantum
763 1239 892 1275 scimus,
909 1238 1037 1268 codices
1055 1237 1085 1266 in
1103 1236 1249 1270 familias,
1268 1245 1349 1274 quas
1367 1234 1467 1264 critici
1486 1238 1615 1270 uocant,
1633 1233 1836 1271 distinguere

335 1304 432 1325 ausus
456 1298 513 1329 est,
538 1303 596 1323 nec
619 1291 725 1321 forsan
750 1290 848 1320 etiam
878 1299 963 1319 nunc
987 1299 1071 1327 quae
1096 1288 1177 1317 inter
1202 1287 1307 1316 uarios
1332 1287 1436 1315 fontes
1461 1286 1541 1315 ratio
1566 1285 1691 1315 intersit
1715 1284 1836 1314 diserte

336 1346 459 1386 exponi
483 1349 592 1385 potest
603 1343 624 1372 2.

381 1397 507 1428 Causae
530 1397 617 1426 enim
641 1400 707 1425 tres
727 1399 801 1425 sunt
828 1404 870 1423 ex
895 1393 1012 1433 quibus
1039 1391 1161 1421 librarii
1186 1391 1217 1420 in
1243 1395 1338 1421 textu
1363 1389 1578 1420 describendo
1602 1389 1665 1418 huc
1692 1387 1768 1418 illuc
1792 1387 1835 1417 ab

336 1450 516 1489 archetypo
543 1447 804 1487 Hieronymiano
824 1445 908 1476 trahi
934 1448 1092 1484 poterant,
1112 1443 1287 1483 praecipue
1312 1442 1343 1472 in
1371 1441 1569 1480 Euangeliis.
1618 1440 1762 1470 Primum
1787 1443 1836 1469 est

337 1501 533 1532 desiderium
557 1509 621 1540 quo
646 1499 839 1529 tenebantur
863 1497 958 1526 unius
982 1495 1122 1526 cuiusuis
1152 1493 1324 1533 Euangelii
1353 1492 1549 1523 emendandi
1574 1493 1615 1522 ad
1644 1491 1836 1531 exemplum

337 1553 487 1590 aliorum,
512 1557 547 1582 ut
571 1551 651 1581 nihil
675 1550 763 1589 quod
787 1550 829 1580 ad
853 1558 982 1579 sensum
1014 1547 1231 1578 necessarium
1257 1545 1309 1576 uel
1333 1545 1412 1575 utile
1436 1544 1602 1575 uideretur
1624 1544 1837 1578 omitterent;

338 1608 344 1619 ⁶
359 1605 443 1635 unde
460 1604 578 1635 accidit
591 1603 597 1614 '
615 1608 649 1633 ut
667 1602 774 1632 uerbis
800 1600 1069 1639 Hieronymianis
1088 1604 1218 1629 utamur
1235 1601 1240 1612 ⁵
1255 1602 1290 1628 ut
1312 1598 1399 1637 apud
1424 1607 1482 1626 nos
1504 1596 1610 1626 mixta
1626 1596 1689 1626 sint
1707 1594 1835 1625 omnia.’

340 1657 492 1688 Secunda
519 1660 569 1686 est
596 1654 781 1685 recordatio
807 1653 926 1683 ueteris
953 1650 1244 1692 interpretationis,
1267 1649 1318 1679 uel
1345 1649 1429 1679 illius
1453 1658 1537 1688 quae
1563 1648 1769 1686 Hieronymo
1794 1647 1836 1677 ad

339 1719 453 1738 manus
478 1707 573 1737 fuisse
597 1706 759 1737 credenda
783 1705 833 1742 sit,
858 1704 911 1734 uel
935 1703 1016 1734 alius
1040 1702 1209 1732 cuiusdam
1234 1712 1318 1741 quae
1341 1700 1464 1731 scribae
1489 1711 1546 1740 per
1569 1710 1604 1730 se
1628 1704 1706 1729 nota
1730 1699 1836 1728 fuerit.

341 1760 426 1790 Huic
453 1760 551 1789 etiam
575 1757 821 1789 adnumeranda
845 1761 893 1786 est
919 1755 1101 1786 recordatio
1125 1754 1207 1784 alius
1232 1753 1390 1783 uersionis
1416 1751 1697 1791 Hieronymianae
1721 1750 1773 1780 uel
1805 1751 1837 1780 in

339 1812 546 1852 expositione
562 1814 720 1850 perpetua
747 1807 931 1847 Euangelii,
949 1812 984 1837 ut
1007 1807 1038 1836 in
1060 1806 1210 1836 Mattheo
1227 1805 1365 1835 subinde
1383 1804 1530 1840 occurrit,
1547 1802 1767 1843 reperiendae,
1786 1801 1836 1832 uel

340 1875 381 1894 ex
404 1864 476 1893 aliis
496 1863 648 1903 operibus
668 1862 735 1891 eius
751 1860 916 1891 collectae.
964 1858 1075 1889 Tertia
1096 1863 1143 1888 est
1164 1857 1321 1887 correctio
1343 1866 1384 1885 ex
1408 1855 1575 1886 codicibus
1599 1854 1733 1885 Graecis
1754 1864 1838 1893 quae

339 1916 453 1946 scribis
481 1919 611 1955 praesto
638 1913 763 1949 fuerint,
779 1922 863 1952 quae
890 1910 1065 1950 praecipue
1088 1910 1175 1949 apud
1201 1908 1510 1948 Anglo-Britannos
1538 1910 1570 1936 et
1600 1906 1765 1936 Hibernos
1789 1906 1837 1935 di-

339 1967 450 2008 gnosci
468 1971 575 2006 potest
599 1966 655 1995 sed
678 1965 777 1995 etiam
799 1964 830 1993 in
854 1962 1041 2002 Euangeliis
1059 1960 1288 1991 Ambrosianis
1305 1957 1368 2001 (M)
1386 1964 1419 1989 et
1438 1959 1517 1989 alias
1534 1958 1673 1988 subinde
1689 1962 1837 1997 apparet.

341 2019 406 2050 Sed
424 2019 540 2059 quibus
557 2023 589 2048 et
607 2016 758 2057 qualibus
775 2016 944 2046 codicibus
961 2015 1008 2044 usi
1029 2014 1093 2044 sint
1111 2017 1318 2049 correctores,
1335 2016 1367 2041 et
1384 2011 1503 2050 quibus
1520 2010 1646 2049 legibus
1664 2010 1695 2039 in
1714 2009 1838 2039 utendo

339 2070 584 2110 circumscripti,
610 2069 751 2099 iudicare
776 2068 833 2097 uix
858 2077 1038 2106 possumus.
1098 2065 1160 2094 His
1184 2069 1217 2094 et
1240 2063 1400 2093 similibus
1424 2062 1466 2092 de
1488 2062 1594 2092 causis
1619 2061 1781 2091 nobismet
1806 2061 1838 2090 in

340 2123 502 2162 praesenti
526 2126 748 2160 temperamus
772 2130 812 2149 ne
838 2119 993 2149 iudicium
1016 2122 1163 2147 nostrum
1192 2116 1233 2146 de
1254 2115 1402 2145 codicum
1425 2114 1507 2144 inter
1532 2124 1566 2144 se
1590 2114 1715 2143 ratione
1740 2117 1772 2143 et
1797 2113 1838 2143 de

394 2200 402 2214 ¹
425 2201 481 2227 Old
498 2201 585 2226 Lalin
604 2199 727 2225 Bz'hlfcal
750 2199 847 2224 Tarts:
875 2199 924 2224 No.
944 2205 963 2223 1.
1016 2197 1070 2222 The
1091 2195 1191 2229 Gaspel
1209 2195 1359 2227 according
1375 2196 1402 2219 to
1422 2193 1462 2218 Ss.
1479 2192 1619 2218 Mamzew
1629 2193 1711 2226 from
1730 2191 1775 2217 llze
1794 2192 1837 2218 St.

342 2244 476 2269 Germasn
494 2242 561 2268 MS.
577 2241 633 2275 (gl)
654 2249 717 2266 now
737 2240 887 2265 nnmbered
904 2240 966 2265 Lat.
984 2245 1066 2272 11553
1087 2239 1117 2262 sn
1136 2237 1181 2262 llze
1200 2236 1342 2262 Masona!
1359 2235 1480 2268 Librmy
1499 2237 1530 2259 at
1548 2234 1642 2265 Paris,
1660 2233 1730 2258 with
1750 2235 1837 2259 intro-

340 2285 452 2311 ductim
465 2284 632 2316 descrzptz've
646 2282 730 2315 osllze
747 2282 822 2313 MS„
837 2282 897 2307 and
904 2281 967 2314 five
979 2280 1141 2314 appendices
1154 2279 1320 2311 containing
1335 2285 1407 2302 some
1421 2279 1535 2301 account
1547 2276 1580 2309 os
1587 2275 1631 2300 tlte
1645 2276 1732 2301 Latin
1747 2276 1838 2302 MSS.

341 2327 410 2352 used
424 2326 456 2359 hy
471 2326 610 2350 Erasmus
627 2324 687 2349 (md
700 2324 732 2349 R.
748 2323 890 2356 SMfilzens,
904 2322 949 2347 tlte
968 2323 1055 2347 Latin
1074 2321 1134 2346 [md
1152 2320 1239 2346 Greek
1259 2319 1348 2347 MSS.
1362 2318 1481 2344 collated
1493 2318 1526 2350 by
1533 2318 1610 2350 Jolm
1630 2317 1751 2348 bmzlker,
1766 2317 1837 2343 with

340 2376 413 2394 some
429 2370 505 2392 noles
522 2366 607 2400 oslzis
622 2366 678 2399 ll'fe,
699 2365 758 2390 and
774 2364 819 2389 llze
835 2364 913 2397 [Ilias
925 2364 1025 2397 desecls
1040 2361 1273 2396 afllsarll'anay's
1289 2360 1427 2386 cullcztsaaz.
1466 2359 1567 2385 Edited
1585 2359 1622 2392 by
1635 2359 1708 2393 John
1723 2359 1836 2385 Words-

342 2410 437 2441 worth,
458 2409 532 2434 MA.
571 2407 683 2437 Oxford,
700 2407 774 2439 1883.

394 2451 404 2466 ²
422 2450 532 2485 Aliquid
547 2450 573 2475 in
588 2450 639 2475 hac
654 2453 731 2482 parte
744 2449 815 2474 bene
829 2446 954 2473 temtauit
970 2447 1067 2471 Petrus
1083 2446 1202 2471 Corssen
1217 2444 1243 2470 in
1264 2443 1434 2478 praefatione
1448 2442 1484 2468 ad
1502 2442 1657 2476 Epistulam
1671 2442 1706 2468 ad
1721 2442 1837 2468 Galatas

343 2493 462 2519 Berolini
478 2493 551 2525 1885,
562 2492 635 2517 idern
650 2495 743 2516 tamen
758 2495 830 2516 recte
845 2488 937 2515 scribit
953 2497 977 2521 p.
987 2495 1004 2519 4
1019 2486 1113 2520 ‘[non]
1128 2487 1223 2520 ignoro
1236 2485 1429 2520 quaestionem
1443 2484 1477 2510 de
1491 2492 1664 2518 quacumque
1678 2489 1754 2517 parte
1768 2484 1836 2509 Vul-

341 2540 422 2568 gatae
436 2534 587 2560 institutam
601 2532 675 2566 prius
689 2532 724 2557 ad
739 2536 842 2557 certum
857 2530 995 2564 quendam
1010 2529 1092 2554 finem
1107 2527 1220 2562 perduci
1233 2536 1287 2553 non
1302 2535 1383 2560 posse
1395 2535 1477 2559 quam
1492 2526 1635 2551 universae
1648 2525 1716 2551 ratio
1726 2526 1836 2559 cognita

341 2581 367 2602 et
382 2581 526 2610 perspecta
540 2575 590 2600 slt.’
