2209 3147
389 331 465 355 DEPG
470 332 492 362 Q
501 339 557 355 nur.

225 516 351 546 XLIIII.
373 517 423 545 filii
440 517 522 555 regni
542 518 723 555 expelluntur

265 569 293 592 et
308 569 391 593 erunt
406 564 555 593 nouissimi
570 565 662 602 primi.

749 340 751 354 1

749 362 750 378 l

749 379 750 394 1

749 496 750 503 1

748 526 750 559 1

748 568 750 575 r

225 763 317 792 XLV.
332 764 487 794 Ierusalem
499 766 655 795 Ierusalem
665 776 722 804 que

265 812 382 840 occidas
397 813 531 850 profetas.

225 1094 333 1123 XLVI.
357 1094 415 1123 Ubi
430 1095 622 1133 hydropicum
641 1106 722 1125 cura-

265 1144 305 1170 uit
332 1142 376 1171 ihs
404 1148 432 1171 et
458 1143 583 1180 dilegere
613 1144 723 1181 primos

265 1190 423 1218 accubitos.

226 1374 349 1404 XLVII.
372 1376 419 1405 Ad
434 1386 554 1406 caenam
573 1388 633 1407 non
651 1378 722 1407 diui·
749 1393 750 1421 i

265 1427 309 1451 tes
325 1424 375 1452 sed
391 1433 534 1461 pauperes
548 1426 656 1454 uocari.
749 1422 750 1430 ¹

225 1655 366 1685 XLVIII.
391 1656 435 1685 De
450 1667 485 1686 eo
501 1658 580 1695 quod
595 1659 644 1695 qui
660 1659 722 1687 Uo-

266 1703 327 1732 lunt
347 1706 445 1733 turrim
463 1705 611 1733 aedificare
627 1710 655 1734 et
670 1707 723 1734 bo-

266 1760 335 1779 num
351 1757 393 1780 est
409 1751 457 1780 sal.

225 1937 382 1967 XLVIIII.
405 1938 450 1967 De
471 1948 527 1967 oue
545 1945 657 1968 errante
676 1940 722 1968 uel

265 1994 322 2022 que
334 1991 477 2014 errauerat
490 1986 525 2014 de
538 1995 570 2015 ·c·
584 1993 611 2014 et
622 1987 723 2015 mulier

265 2041 322 2069 que
337 2032 499 2072 perdiderat
516 2043 552 2062 ·x·
569 2033 712 2071 dragmas.

798 248 1058 278 SECUNDUM
1077 248 1104 275 L
1112 248 1194 278 {JCA
1202 248 1248 277 lis.

940 332 956 355 J
969 336 974 358 1
980 331 1111 362 capitula).

777 1097 915 1126 XLVIII.
933 1098 991 1127 Ubi
1004 1098 1080 1136 apud
1091 1099 1274 1136 pharisaeum

818 1145 972 1174 manducat
983 1152 1010 1174 et
1020 1147 1105 1175 docet
1116 1147 1151 1175 de
1162 1147 1275 1175 humili-

817 1197 874 1221 tate
893 1198 921 1221 et
944 1193 1012 1222 dicit
1031 1202 1092 1221 non
1110 1194 1275 1231 pascendos

818 1239 921 1268 diuites
950 1245 978 1269 et
1007 1240 1043 1268 de
1080 1241 1206 1269 inuitatis
1238 1241 1275 1269 ad
1301 1237 1302 1273 1

819 1296 930 1317 cenam-

776 1657 932 1685 XLVIIII.
968 1658 1013 1686 De
1044 1669 1078 1688 eo
1108 1659 1157 1696 qui
1186 1659 1274 1687 uoluit

817 1704 967 1733 aedificare
983 1710 1089 1733 turrem
1106 1710 1133 1733 et
1148 1715 1214 1743 rege
1226 1706 1275 1743 qui

817 1752 895 1780 uadit
911 1752 947 1780 ad
962 1752 1077 1781 bellum.

776 1936 808 1965 L.
833 1937 975 1966 Parabola
992 1938 1028 1966 de
1040 1943 1157 1967 centum
1170 1939 1274 1967 ouibus

817 1989 845 2012 et
870 1994 928 2013 una
954 1994 1028 2023 quae
1052 1986 1157 2014 errauit
1181 1991 1210 2014 et
1238 1986 1274 2015 de

817 2032 946 2069 dragma.

259 2111 368 2135 XLIIII.
393 2119 410 2134 ψ
427 2112 469 2135 ubi
487 2113 547 2136 dicit
565 2113 600 2135 ml
615 2113 672 2136 inis.
693 2114 723 2137 G.

225 2144 377 2175 expellentur
390 2144 413 2168 G
422 2153 479 2168 aur.

258 2177 335 2200 XLV.
355 2177 447 2200 occidis
459 2177 511 2208 EPQ
519 2185 575 2201 αιιν.
751 2199 752 2208 ,

258 2210 350 2232 XLVI.
369 2218 415 2233 om.
431 2212 481 2233 ubi
497 2218 553 2233 aur.
593 2214 618 2237 >
631 2211 667 2234 ihs
685 2219 724 2234 eu—

226 2243 288 2265 rauit
298 2242 411 2272 ZPQaur.
438 2245 466 2266 et
476 2249 491 2266 1-
500 2243 571 2266 docet
581 2251 628 2266 non
640 2244 724 2267 Cama

258 2275 356 2298 XLVII
372 2283 427 2298 cum
435 2275 591 2305 praecedente
604 2276 631 2298 in
645 2284 724 2299 mmm
750 2275 751 2288 ³

225 2311 275 2338 sap,
281 2307 325 2330 sub
333 2315 434 2331 numero
442 2308 541 2330 XLVII
550 2309 607 2331 incl.
615 2309 635 2332 G
640 2311 662 2339 Q
668 2317 723 2331 aur.
750 2320 751 2329 i

234 2347 249 2363 ÷
258 2344 281 2363 et
294 2340 328 2363 ad
338 2340 394 2363 z'nz't.
409 2340 457 2371 GQ
466 2348 521 2363 aur.
556 2342 651 2364 uocari
662 2350 666 2364 :
686 2350 723 2364 ro-

225 2373 279 2403 gari
291 2373 332 2398 3P;
350 2373 491 2396 inuitandos
504 2373 528 2396 G
537 2381 593 2396 aur.

260 2405 380 2428 XLVIII.
393 2413 438 2429 om.
449 2407 525 2433 quod
534 2406 586 2436 EPQ
595 2414 651 2430 aur.
682 2414 725 2429 uo-

226 2437 271 2461 luit
283 2438 336 2468 {PQ
345 2446 411 2466 amn,
425 2438 530 2461 uoluerit
542 2438 574 2461 G.

259 2470 394 2493 XLVIIII.
412 2478 457 2494 om.
471 2474 581 2494 errante
591 2473 637 2494 uel
647 2471 724 2501 EPGQ
750 2471 752 2498 ζ

225 2511 282 2526 aur.
317 2510 390 2530 que:
408 2504 450 2534 qui
466 2503 502 2526 bis
517 2511 573 2527 aur.
609 2506 643 2527 de
662 2511 724 2527 cen-

226 2539 286 2558 tum
296 2535 478 2566 (dicentisQ?):
491 2544 535 2559 om.
543 2544 608 2564 amm
622 2537 649 2559 in
659 2544 724 2559 mar-

223 2569 283 2598 g7'nc
307 2569 330 2591 D
353 2569 472 2600 scriptum
495 2572 530 2591 est
552 2569 608 2592 uide
636 2569 724 2592 librum
751 2584 752 2594 2

226 2603 324 2624 centurn
337 2601 417 2624 forsan
429 2609 477 2624 non
490 2605 525 2624 est
539 2601 599 2625 haec
614 2610 686 2625 causa
699 2605 725 2624 ut
751 2599 752 2619 l

226 2633 304 2657 decet.
337 2641 410 2656 unam
431 2633 461 2657 de
482 2634 532 2658 dec.
552 2634 667 2665 dragmas
685 2635 726 2662 (33

226 2673 298 2689 unam
312 2666 440 2697 dragmam
452 2674 509 2689 aur.

1764 257 1824 291 295

1392 332 1417 355 K
1426 333 1502 356 Harl.
1518 338 1580 364 2790
1590 334 1670 357 Naue.
1682 334 1769 358 Bamb.

1300 356 1303 423 l
1329 377 1453 406 XLIIII.
1480 378 1649 407 Parabolam
1670 380 1776 417 sinapis
1798 386 1826 408 ev.

1370 424 1510 452 fermenti.

1330 774 1422 803 XLV.
1444 775 1502 804 Ubi
1520 775 1573 804 dfis
1590 775 1682 813 pergit
1701 774 1827 804 hieruso-

1371 822 1446 850 limis
1470 828 1498 851 et
1523 823 1573 850 ubi
1600 826 1681 860 pater
1706 822 1827 850 familias

1370 870 1516 907 ingressus
1536 870 1653 898 ianuam
1673 869 1779 897 claudit
1800 874 1827 897 et

1371 916 1450 953 quod
1466 926 1533 944 cum
1550 916 1619 944 uelit
1638 915 1759 944 herodes
1778 925 1827 944 oc-

1370 963 1464 991 cidere
1479 968 1506 991 et
1522 963 1570 991 ubi
1585 963 1740 1000 exprobrat
1759 963 1827 991 ciui-

1370 1010 1429 1038 tati.

1330 1100 1438 1129 XLVI.
1466 1101 1524 1129 Ubi
1553 1101 1608 1129 dr‘1s
1637 1100 1828 1143 hydropicum

1373 1154 1455 1176 sanat
1470 1153 1499 1177 et
1513 1154 1633 1177 uocatos
1651 1148 1688 1176 ad
1706 1157 1828 1177 caenam

1373 1201 1522 1224 excusant.

1329 1663 1453 1691 XLVII.
1477 1663 1535 1691 Ubi
1558 1664 1613 1692 dfis
1635 1664 1704 1693 dicit
1729 1665 1828 1693 omnia

1370 1716 1435 1748 post
1473 1712 1611 1748 ponenda
1653 1717 1681 1740 et
1720 1717 1826 1740 turrem

1369 1758 1532 1786 aedificanti
1548 1758 1590 1787 sal
1606 1768 1668 1787 esse
1684 1760 1802 1788 bonum.

1329 1942 1469 1972 XLVIII.
1497 1944 1541 1972 De
1557 1945 1660 1973 ouibus
1673 1949 1788 1973 centum
1801 1949 1829 1973 et

1370 1991 1455 2019 unius
1508 1991 1617 2029 perdite
1667 1991 1827 2032 decemque

1371 2038 1562 2071 dracmarum.

1362 2119 1441 2142 XLV.
1460 2127 1537 2142 cum:
1555 2127 1609 2143 eum
1624 2120 1705 2142 Aanc.
