2258 3157
192 235 210 257 1.
223 232 313 264 7-15.]

189 321 265 351 abia
280 326 389 351 autem
406 321 518 361 genuit
535 332 593 351 asa

167 376 245 403 Sasa
261 378 371 403 autem
386 373 499 413 genuit
516 372 667 413 iosaphat

188 425 341 465 iosaphat
361 430 472 455 autem
489 425 601 464 genuit
618 425 721 455 ioram

188 477 292 507 ioram
308 482 419 507 autem
436 477 551 516 genuit
567 477 674 507 oziam

165 534 176 551 9
188 529 275 558 ozias
292 533 402 559 autem
418 528 533 568 genuit
549 528 694 559 ioatham

187 579 334 610 ioatham
351 585 461 610 autem
477 580 590 620 genuit
606 580 707 610 achaz

187 631 287 661 achaz
307 637 418 662 autem
435 632 548 671 genuit
564 631 732 662 ezechiam

152 689 176 708 10
188 682 334 713 ezechias
350 688 460 713 autem
477 684 589 723 genuit
607 693 777 713 manassen

188 744 354 765 manasses
371 739 482 765 autem
499 735 613 775 genuit
629 745 726 765 amon

187 797 286 816 amon
303 792 413 817 autem
430 787 541 827 genuit
560 787 676 817 iosiam

153 840 177 858 Π
188 838 284 869 iosias
294 843 403 869 autem
417 839 528 879 genuit
542 837 725 869 iechoniam
736 843 767 868 et
776 837 891 868 fratres

230 891 298 921 eius
315 891 347 920 in
364 891 651 930 transmigratione
667 890 842 930 babylonis

477 228 800 258 EUANGELJUM
826 228 1089 258 SECUNDUM
1115 229 1181 258 MA
1191 229 1397 258 TTHEUM.
1651 237 1692 268 43

960 321 983 339 1²
995 326 1029 351 et
1045 327 1121 361 post
1161 321 1484 362 transmigrationem
1520 321 1694 361 babylonis

1039 373 1202 404 iechonias
1219 375 1333 413 genuit
1349 372 1501 404 salathiel

994 425 1144 456 salathiel
1165 430 1276 456 autem
1294 425 1407 465 genuit
1424 423 1599 455 zorobabel

955 478 982 496 13
995 477 1170 508 zorobabel
1188 483 1298 507 autem
1315 477 1430 517 genuit
1446 477 1546 507 abiud

994 529 1094 559 abiud
1110 534 1223 559 autem
1239 529 1351 569 genuit
1368 528 1519 559 eliachim

994 580 1145 610 eliachim
1162 586 1272 611 autem
1289 581 1403 620 genuit
1419 591 1496 611 azor

960 635 983 653 ¹4
995 642 1072 663 azor
1087 638 1197 662 autem
1213 633 1327 672 genuit
1343 633 1444 663 sadoc

994 685 1094 715 sadoc
1113 689 1224 714 autem
1240 684 1353 723 genuit
1369 684 1477 714 achim

994 735 1102 765 achim
1120 740 1231 766 autem
1248 735 1359 775 genuit
1376 735 1463 765 eliud

959 792 984 810 15
995 788 1082 818 eliud
1099 792 1212 818 autem
1229 787 1342 826 genuit
1358 787 1484 817 eleazar

995 839 1121 869 eleazar
1137 844 1248 869 autem
1265 838 1377 878 genuit
1398 837 1549 868 matthan

997 890 1148 921 matthan
1166 895 1277 920 autem
1295 890 1408 930 genuit
1424 890 1518 919 iacob

187 1030 317 1057 roboam.

187 1078 328 1116 iosaphat.

360 1030 480 1058 roboam
513 1034 609 1057 autem
641 1029 741 1065 genuit
763 1028 866 1056 abiam.

909 1029 974 1057 abia
1007 1033 1102 1056 autern
1135 1028 1234 1065 genuit
1262 1036 1321 1055 asa.

376 1078 509 1115 iosaphat
538 1083 635 1105 autem
664 1078 764 1114 genuit
793 1078 893 1105 ioram.
942 1078 1033 1105 ioram
1061 1082 1158 1105 autem
1189 1077 1289 1114 genuit
1317 1076 1420 1104 oziam.

187 1126 285 1162 genuit
308 1125 444 1153 ioatham.
480 1125 576 1153 ioatha
601 1130 698 1153 autem
716 1125 817 1161 genuit
841 1124 938 1152 achaz.
967 1124 1056 1152 achaz
1081 1129 1177 1152 autem
1203 1124 1302 1160 genuit
1327 1123 1482 1151 ezechiam.

1364 1027 1435 1054 8asa
1461 1031 1557 1054 autem
1589 1027 1689 1063 genuit

1463 1075 1561 1103 ⁹ozias
1591 1080 1688 1103 autem

1525 1121 1547 1137 ¹⁰
1558 1122 1688 1150 ezechias

187 1177 285 1200 autem
311 1173 409 1210 genuit
432 1181 604 1200 manassem.
648 1180 796 1199 manasses
819 1176 914 1199 autem
934 1172 1034 1208 genuit
1051 1180 1179 1199 ammon.
1216 1179 1335 1198 ammon
1351 1175 1448 1198 autem
1464 1169 1561 1206 genuit
1577 1169 1688 1197 iosiam.

187 1218 303 1247 uiosias
328 1225 424 1247 autem
444 1219 541 1256 genuit
561 1218 725 1246 iechoniam
747 1223 774 1246 et
795 1217 894 1245 fratres
912 1219 980 1245 eius.

666 1265 814 1293 iechonias
837 1265 936 1302 genuit
957 1264 1092 1292 salathiel.

839 1311 936 1339 abiuth
972 1316 1068 1339 autem
1104 1312 1202 1349 genuit
1238 1311 1377 1340 eliachim.

432 1360 453 1375 ¹⁴
463 1369 531 1388 azor
567 1365 662 1387 autem
699 1359 798 1396 genuit
829 1358 965 1386 saddoch.

189 1413 285 1436 autem
309 1408 407 1445 genuit
431 1407 529 1441 eliuth,
545 1407 565 1422 ¹⁵
575 1406 662 1434 eliuth
686 1411 782 1434 autem
808 1405 906 1442 genuit
928 1406 1038 1433 eliazar.

187 1267 438 1304 transmigratione
465 1266 624 1302 babylonis.

188 1313 209 1328 ¹³
220 1314 374 1342 zorobabel
411 1318 506 1341 autem
546 1312 646 1350 genuit
685 1312 792 1339 abiuth.

188 1361 286 1397 genuit
315 1370 390 1389 azor.

1022 1218 1052 1245 in
1074 1218 1326 1254 transmigratione
1348 1217 1503 1253 babylonis
1546 1215 1603 1244 ¹²ct
1621 1222 1687 1253 post

1136 1264 1263 1292 salathiel
1278 1269 1375 1291 autem
1400 1264 1499 1300 genuit
1525 1263 1688 1291 zorobabel.

1428 1310 1560 1338 eliachim
1590 1315 1688 1338 autem

1013 1358 1143 1387 saddoch
1180 1364 1276 1386 autem
1308 1358 1407 1395 genuit
1446 1357 1549 1385 achim.
1592 1357 1688 1385 achim

1083 1406 1185 1433 eliazar
1205 1411 1301 1434 autem
1319 1405 1418 1442 genuit
1433 1404 1572 1433 matthan.
1614 1410 1688 1432 mat-

188 1530 224 1553 bz's
238 1529 268 1558 C,
286 1529 389 1553 roboam
403 1548 408 1552 .
422 1548 428 1552 .
441 1548 447 1553 .
463 1530 561 1558 roboas,
574 1530 661 1559 ERW,
674 1531 735 1554 robu
747 1530 790 1559 L*,
802 1530 888 1553 deinde

189 1568 279 1591 robuas
297 1568 336 1592 L0.
375 1569 439 1592 abia
457 1569 493 1591 bis
509 1577 564 1591 mm
579 1577 665 1600 gracco
683 1570 786 1593 FUWY
804 1569 887 1592 Bmtl.

194 1607 288 1631 Tisclz.:
306 1607 388 1631 abiam
403 1625 407 1630 .
421 1626 426 1630 .
440 1626 444 1630 .
458 1607 515 1630 abia
527 1606 888 1638 ABCEP*HKM‘QVXZ532‚

189 1646 271 1670 abiam
284 1664 291 1670 .
304 1664 309 1669 .
323 1664 328 1669 .
340 1646 410 1669 abias
422 1646 482 1669 ΕΘ*
497 1650 519 1676 (s
531 1646 605 1675 eras.)
619 1645 679 1676 ΞΘ,
693 1647 774 1671 abiam
790 1647 827 1669 bis
837 1646 887 1672 JT,

190 1685 264 1708 abiud
276 1685 313 1708 bis
326 1685 463 1708 DQvaLR.

225 1730 246 1755 7,
260 1725 282 1747 8.
302 1732 350 1747 asa
361 1724 397 1747 llis
409 1724 534 1754 mapa:
554 1732 622 1747 asam
633 1743 638 1748 .
653 1743 658 1748 .
673 1744 678 1748 .
691 1733 733 1748 asa
747 1725 776 1755 Q,
786 1733 840 1748 assa
853 1724 888 1748 bis

190 1763 218 1791 E,
232 1762 309 1793 asaph
321 1762 357 1785 bis
370 1762 458 1789 Dmeo,
470 1762 560 1793 assaph
573 1763 609 1785 his
620 1763 649 1789 L,
662 1763 770 1786 assafath
783 1764 818 1786 bis
830 1763 859 1786 R.

223 1802 246 1825 8.
264 1803 393 1828 iosaphat
408 1801 444 1823 bis
457 1809 512 1824 cum
523 1802 889 1825 ABDEPFHOJKJVTUWXY

190 1841 208 1863 Z
220 1848 274 1871 vg:
292 1839 380 1863 iosasat
398 1840 434 1862 bis
452 1839 506 1870 QT,
519 1840 640 1870 iosaphad
657 1841 693 1863 bis
709 1841 738 1869 C,
757 1840 889 1871 iosaphath

190 1879 226 1901 bis
246 1879 300 1907 RV,
325 1878 439 1909 iosapath
462 1879 498 1901 his
521 1879 557 1907 E;
586 1879 698 1902 iosafad.
714 1897 719 1902 .
733 1897 738 1902 .
752 1879 840 1902 iosafat
859 1879 887 1902 L.

189 1917 285 1941 ihoram
298 1936 304 1941 .
318 1935 324 1940 .
337 1935 343 1941 .
355 1917 433 1940 iuram
457 1917 485 1946 C,
515 1917 593 1941 iotam
606 1935 612 1940 .
626 1937 632 1941 .
646 1937 651 1942 .
664 1918 729 1942 ioras
752 1918 886 1949 Bff'moLQ,

189 1957 270 1980 iuram
283 1976 288 1980 .
303 1975 308 1980 .
323 1974 328 1979 .
340 1957 404 1979 iuras
422 1956 452 1979 R.

223 1997 246 2024 8,
265 2003 289 2026 9.
312 1997 403 2019 oziam
425 1996 501 2018 ozias
524 1996 589 2019 fotid.
605 1996 662 2026 fere
685 2004 767 2019 omnes
789 2000 811 2019 et
832 2004 887 2027 vg:

190 2042 277 2066 ozyam
287 2042 359 2065 ozyas
368 2034 400 2063 C,
409 2034 498 2057 ioziarn
507 2034 582 2057 iozias
592 2035 622 2063 R,
632 2035 712 2058 oziam
722 2035 801 2058 oziam
812 2035 887 2058 LTY.

223 2082 246 2104 9.
265 2074 390 2096 ioatham
413 2073 449 2095 ln's
472 2072 535 2095 cadat
552 2073 618 2103 pler.
630 2082 635 2097 :
660 2073 755 2096 iotham
773 2074 809 2096 his
832 2073 888 2103 DL,

191 2112 286 2135 iotham
303 2111 384 2134 iothas
399 2111 429 2139 R,
447 2110 559 2134 ioatham
575 2111 670 2135 ioathas
685 2112 763 2141 HQJ,
780 2112 889 2135 ioatham

190 2150 276 2173 ioatha
297 2151 326 2179 E,
349 2149 461 2173 ioatham
484 2150 585 2173 ioathan
608 2151 648 2179 W,
672 2151 782 2174 ioatham
804 2151 889 2174 ioatha

191 2189 233 2212 ff*
247 2190 295 2219 (-as
307 2197 348 2212 sec.
359 2188 418 2217 ΞΡῙ).
452 2196 509 2212 acaz
521 2189 557 2211 his
568 2189 597 2218 T,
612 2190 699 2213 acham
712 2190 785 2213 achas
797 2190 826 2220 Q.

225 2236 248 2259 9,
275 2235 313 2251 10.
345 2227 453 2251 ezeciam
496 2228 588 2251 ezecias
635 2228 731 2259 Tzssffb
783 2229 889 2253 ezeciam

191 2266 302 2290 ezechias
321 2265 364 2289 ΞΡ*
384 2266 489 2296 (minam
509 2267 568 2295 ΞΡΟ),
587 2268 719 2291 etzechiam
743 2269 835 2291 etzechi
856 2269 887 2291 D.

226 2313 263 2329 10.
281 2313 428 2328 manassen
450 2313 592 2329 manasses
610 2314 666 2329 cum
684 2307 889 2330 CEFHQKM‘V

192 2344 285 2367 WX*Z
307 2345 429 2373 (manasse
452 2352 578 2368 manasses
595 2345 627 2373 A,
646 2345 688 2368 secl
705 2353 766 2369 -sem
787 2346 814 2368 in
832 2346 888 2369 edit.

196 2384 221 2407 T
218 2383 387 2414 isclzendmfiz')
400 2390 449 2413 vg:
472 2391 617 2407 mannassen
637 2392 776 2407 mannasses
795 2385 819 2407 D
833 2385 888 2414 (-se,

191 2422 251 2451 -ses)
281 2422 313 2450 R,
342 2429 481 2445 manassem
512 2430 636 2446 manasses
668 2423 746 2451 BUY,
774 2431 889 2446 manasen

192 2468 316 2484 manasses
333 2461 369 2488 ΞΡ,
382 2469 510 2484 manassen
529 2462 565 2485 his
581 2462 633 2489 ΠΤ,
646 2469 785 2485 manassem
804 2461 841 2484 bis
858 2462 889 2492 Q,

192 2507 293 2522 mannes
308 2499 365 2529 (L*)
379 2508 519 2523 mannasses
532 2501 560 2524 L.
595 2508 695 2523 ammon
707 2501 744 2523 bis
756 2500 811 2523 ΞΡΗ
828 2502 889 2530 (non

192 2539 236 2567 Θ),
250 2546 319 2561 amos
331 2538 368 2561 his
379 2538 483 2569 DLQR.

227 2584 264 2606 10,
280 2584 316 2600 11.
334 2578 434 2601 iossiam
446 2578 533 2602 iossias
546 2579 578 2607 D,
591 2579 692 2602 iossiam
705 2578 779 2602 iosias
793 2578 827 2601 ΞΡ.

228 2623 264 2640 11.
282 2617 340 2640 Post
354 2618 439 2640 iosias
457 2621 551 2641 autem
563 2625 609 2641 om.
621 2619 718 2645 genuit
731 2617 759 2641 E.
795 2617 889 2641 iaccho-

991 1529 1059 1553 niam
1076 1530 1108 1560 Q,
1127 1530 1248 1553 ieconiam
1265 1530 1325 1558 JXV,
1348 1529 1471 1552 ioconiam
1490 1529 1536 1557 R*,
1552 1529 1694 1552 iochoniam

992 1568 1033 1592 Rc.
1072 1568 1096 1591 in
1115 1568 1355 1599 transmigrationem
1373 1567 1607 1598 ABCDEPLQUW
1626 1568 1694 1598 (ante

992 1610 1020 1631 et
1044 1609 1144 1631 fratres
1167 1608 1233 1630 linea
1249 1607 1307 1638 fire
1327 1610 1377 1630 tota
1399 1614 1471 1629 erasa
1494 1607 1523 1629 in
1543 1607 1578 1636 L;
1606 1607 1695 1629 ‘litera

985 1647 1074 1678 prima
1087 1647 1191 1670 uidetur
1201 1654 1248 1669 esse
1260 1647 1277 1669 J
1288 1645 1294 1655 '
1306 1646 1458 1673 Scrz'vmer).

1026 1692 1063 1713 11,
1079 1692 1116 1708 12.
1134 1685 1258 1709 babilonis
1274 1685 1309 1707 bis
1322 1684 1492 1714 EPKQRTW,
1511 1683 1646 1707 babillonis
1659 1684 1695 1707 bis

992 1724 1019 1753 E,
1042 1724 1164 1747 babilonis
1181 1742 1186 1747 .
1205 1742 1210 1747 .
1229 1723 1371 1746 babiloniae
1388 1723 1417 1751 L,
1438 1723 1586 1753 babyloniae
1606 1723 1643 1746 bis
1661 1723 1694 1749 D,

992 1763 1121 1794 babylonis
1134 1782 1139 1786 .
1156 1781 1161 1786 .
1180 1763 1305 1786 babilonis
1320 1762 1360 1785 Ns.
1403 1766 1461 1792 post
1478 1762 1695 1793 transmigratione

991 1802 1073 1825 X*Z*.
1120 1802 1224 1825 ieconias
1260 1801 1355 1828 JNFXV,
1396 1801 1458 1824 iech.
1496 1804 1579 1824 autem
1616 1801 1692 1823 ELR.

991 1840 1125 1865 salathiel
1144 1841 1180 1863 his
1197 1849 1252 1863 cum
1271 1839 1629 1870 ADEPHQJLQRUVWXY
1646 1848 1693 1870 vg:

992 1880 1107 1904 salatihel
1129 1880 1164 1902 bis
1182 1879 1296 1908 EFKM‘,
1319 1879 1452 1902 salathihel
1470 1879 1506 1902 bis
1524 1879 1552 1907 C,
1578 1879 1693 1902 salatihel

994 1919 1140 1949 Z*r-thihe1
1159 1919 1199 1945 ΖΟ)
1222 1919 1309 1942 dcimle
1330 1918 1453 1945 salathiel,
1477 1917 1609 1941 salatliihel
1629 1918 1692 1941 saia-

992 1957 1053 1981 thiel
1066 1958 1092 1984 B,
1105 1957 1202 1981 salatiel
1215 1957 1250 1980 his
1262 1957 1291 1980 T.

1026 2003 1063 2025 12,
1086 2003 1122 2026 13.
1143 1998 1292 2019 zorobabel
1320 1996 1452 2019 zorobabel
1479 1995 1512 2022 D,
1542 1995 1693 2019 zorobbabel

992 2036 1028 2059 bis
1048 2036 1083 2064 ΞΡ,
1109 2035 1239 2059 zorababel
1260 2035 1296 2057 bis
1316 2035 1344 2062 L,
1368 2034 1492 2058 zorbabiel
1514 2034 1637 2057 sorbabiel
1662 2035 1692 2062 R,

992 2075 1132 2098 sorobabiel
1175 2074 1305 2097 sorobabel
1347 2073 1377 2103 Q.
1429 2073 1516 2096 abiuth
1555 2073 1625 2096 abiut
1662 2073 1692 2096 T.

992 2115 1122 2137 eliachim
1145 2114 1181 2136 his
1203 2121 1257 2135 cum
1276 2112 1692 2136 ACDEEPFHQKLNTRUVWX

992 2151 1070 2178 YZ30‘5
1080 2161 1086 2177 :
1104 2152 1201 2175 eliacim
1213 2152 1248 2174 bis
1262 2151 1424 2181 B.JZ*‘?{!5{OE‚
1442 2150 1559 2174 eliachim
1571 2150 1593 2173 T
1605 2151 1693 2174 deinde

991 2191 1087 2215 eliciam
1100 2190 1136 2214 T*
1150 2190 1259 2221 (eliacim
1272 2190 1325 2220 TC),
1338 2190 1470 2213 heliachim
1484 2189 1504 2213 C
1517 2190 1561 2212 his.

1027 2237 1063 2260 14.
1083 2238 1157 2260 agzor
1174 2228 1219 2252 V*.
1255 2231 1338 2253 sadoc
1357 2229 1393 2251 bis
1410 2236 1465 2251 cum
1481 2236 1566 2259 gram-0
1583 2231 1607 2251 et
1624 2228 1662 2251 Εὖ
1667 2228 1691 2251 Κ

992 2268 1107 2292 LMVZ*
1120 2276 1157 2299 vg.
1171 2277 1175 2291 z
1195 2268 1272 2291 sadoE
1289 2269 1321 2295 D,
1339 2267 1432 2291 sadoch
1448 2267 1488 2296 W,
1506 2267 1599 2291 saddoc
1617 2267 1692 2290 ΑΒΞΡ

994 2307 1228 2334 ἘΗΘΚΤΗΧΥΖ3,
1263 2307 1373 2330 saddoch
1413 2306 1442 2329 C.
1492 2306 1564 2329 achin
1596 2306 1631 2329 bis
1660 2306 1691 2330 ς.

993 2347 1092 2370 achiam
1104 2346 1189 2370 achias
1203 2346 1237 2374 B;
1256 2346 1299 2369 scd
1309 2345 1424 2369 eliachim
1437 2345 1473 2368 bis
1486 2346 1515 2369 F.

1027 2392 1065 2415 14,
1084 2392 1120 2415 15.
1158 2385 1243 2408 heliud
1283 2385 1320 2408 bis
1356 2385 1386 2413 C,
1425 2384 1511 2407 heliud
1550 2384 1626 2408 heliut
1661 2384 1690 2407 T.

993 2424 1106 2447 heleazar
1124 2424 1159 2446 bis
1177 2424 1205 2452 C,
1230 2424 1319 2447 eliazar
1337 2423 1373 2446 his
1390 2423 1425 2449 GP.
1444 2423 1533 2447 eliazar
1549 2423 1643 2446 eleazar
1660 2423 1688 2451 L,

992 2463 1086 2487 eleazar
1103 2462 1200 2486 aleazar
1216 2463 1248 2489 X,
1267 2462 1373 2486 eliazara
1391 2462 1453 2485 eliaz
1472 2462 1504 2491 D,
1523 2462 1597 2485 elizar
1612 2462 1648 2484 his
1660 2462 1692 2486 R.

992 2503 1121 2525 matthan
1139 2501 1175 2524 bis
1194 2510 1249 2524 [um
1271 2501 1495 2525 BCEPFHQJKM
1518 2502 1558 2531 (ut
1576 2501 1689 2527 uidetur)

993 2540 1170 2564 MUVXVZ‘?
1180 2549 1186 2563 z
1208 2541 1320 2564 matthan
1340 2540 1462 2563 mattham
1480 2540 1512 2567 A,
1532 2539 1634 2563 mathan
1655 2540 1690 2562 his

993 2579 1097 2602 ERTW
1110 2586 1158 2609 vg„
1181 2579 1283 2602 mathan
1303 2579 1400 2603 mathas
1418 2579 1449 2609 Q,
1470 2579 1580 2602 matham
1601 2578 1637 2602 bis
1656 2579 1688 2607 D,

993 2619 1105 2641 matham
1117 2617 1202 2641 matha
1216 2618 1243 2641 L.

1459 2666 1523 2690 G2
