2209 3147
457 277 497 306 80
761 279 1082 308 EHANGELIUM
1103 279 1363 310 SECUNDUM
1390 282 1456 310 MA
1467 282 1671 313 TTHEUM.

457 371 585 411 negabo
602 377 634 402 et
659 383 720 413 ego
744 383 818 403 eum
836 382 946 403 coram
966 378 1059 413 patre
1084 384 1158 404 meo
1188 395 1189 406 l

500 424 555 463 qui
573 429 621 454 est
639 424 670 454 in
687 424 795 455 caelis.

419 470 533 497 34(⁹⁵·⁵)
559 475 673 506 Nolite
705 476 856 507 arbitrari
896 477 974 516 quia
1013 477 1157 508 uenerim

499 527 630 557 mittere
646 538 761 568 pacem
779 528 811 558 in
827 532 948 558 terram

455 588 521 608 non
538 579 610 609 ueni
628 589 743 619 pacem
761 579 892 610 mittere
908 580 965 610 sed
983 580 1142 620 gladium.

418 632 444 650 ²³⁵
456 630 542 661 Ueni
556 632 642 661 enim
654 641 805 671 separare
817 631 986 662 hominem
999 633 1156 663 aduersus
1187 659 1188 670 ἶ

496 687 624 722 patrem
641 694 736 713 suum

452 739 485 764 et
502 734 602 765 filiam
619 736 776 766 aduersus
793 740 932 766 matrem
949 747 1042 766 suam

452 791 485 816 et
503 796 620 816 nurum
636 787 795 817 aduersus
811 797 941 818 socrum
959 798 1053 818 suam

416 839 442 857 ³⁶
453 843 485 869 et
501 838 621 869 inimici
638 839 779 869 hominis
796 840 968 870 domestici
986 840 1063 870 eius.

413 893 439 911 37
453 889 498 913 (96-
513 889 534 912 5)
560 890 625 930 Qui
653 896 744 922 amat
772 896 898 931 patrem
929 896 986 922 aut
1014 896 1155 921 matrem

495 942 569 982 plus
586 953 685 982 quam
703 953 756 973 me

453 1004 519 1024 non
536 999 586 1025 est
603 1005 655 1025 me
671 995 790 1035 dignus

451 1051 484 1076 et
510 1046 566 1086 qui
597 1052 687 1078 amat
712 1047 816 1077 filium
844 1051 901 1077 aut
929 1046 1030 1077 filiam
1056 1057 1155 1087 super

496 1108 548 1127 me

450 1160 515 1180 non
533 1154 581 1180 est
599 1160 651 1180 me
666 1150 785 1190 dignus

414 1198 440 1216 3⁸
451 1207 483 1232 et
501 1202 556 1242 qui
571 1213 637 1232 non
653 1203 773 1243 accipit
791 1213 920 1234 crucem
943 1214 1037 1233 suam
1055 1208 1089 1234 et
1105 1214 1155 1234 Se·
1185 1219 1186 1222 =

1187 434 1189 465 l

1187 468 1189 523 l

1187 614 1189 630 ,

1185 1171 1187 1194 l

1185 1196 1187 1215 l

1211 1098 1311 1121 affirmo.
1324 1099 1345 1121 a)

1805 281 1850 324 [X-
1863 296 1962 320 33-42-

1297 375 1408 415 quitur
1425 386 1476 406 me

1254 436 1319 456 non
1337 431 1386 457 est
1404 436 1456 456 me
1473 427 1601 466 dignus.

1217 478 1241 496 ³³⁹
1254 477 1298 500 (⁹7·
1310 477 1331 501 ³)
1357 478 1422 517 Qui
1440 478 1565 508 inuenit
1576 478 1719 509 animam
1733 489 1826 509 suam
1844 480 1960 519 perdet

1297 529 1388 559 illam

1252 585 1284 610 et
1296 582 1350 620 qui
1363 580 1539 621 perdiderit
1551 581 1696 612 animam
1714 592 1807 612 suam
1822 588 1959 623 propter

1297 642 1350 662 me
1366 633 1510 663 inueniet
1528 643 1610 663 eam.

1215 684 1297 705 4⁰⁴⁹&
1310 684 1330 707 1)
1356 684 1422 724 Qui
1438 685 1551 725 recipit
1570 695 1629 715 uos
1647 696 1699 716 me
1716 686 1831 726 recipit

1251 740 1283 766 et
1305 737 1361 776 qui
1387 747 1440 767 me
1463 737 1578 777 recipit
1602 737 1716 777 recipit
1734 748 1808 768 eum
1825 738 1881 778 qui
1905 749 1958 769 me

1296 789 1392 818 misit.

1216 841 1239 859 41
1251 839 1295 861 (0⁰-
1307 839 1342 861 10)
1364 839 1429 879 Qui
1443 840 1557 880 recipit
1572 840 1772 880 prophetam
1784 841 1815 871 in
1827 841 1960 872 nomine

1292 892 1476 932 prophetae
1494 893 1676 923 mercedem
1701 893 1884 933 prophetae
1900 904 1955 924 ac-

1293 944 1394 984 cipiet

1250 1001 1283 1026 et
1302 996 1357 1036 qui
1382 996 1498 1036 recipit
1522 996 1644 1026 iustum
1669 996 1701 1026 in
1725 997 1858 1027 nomine
1883 997 1958 1027 iusti

1294 1048 1480 1078 mercedem
1498 1048 1573 1078 iusti
1590 1048 1738 1088 accipiet.

1372 1099 1416 1130 Et
1448 1100 1648 1139 quicumque
1681 1105 1798 1140 potum
1830 1101 1957 1131 dederit

1295 1152 1348 1181 uni
1366 1162 1408 1182 ex
1434 1152 1576 1182 minimis
1599 1152 1668 1182 istis
1692 1151 1828 1183 calicem
1851 1163 1957 1192 aquae

1295 1203 1436 1243 frigidae

530 1316 551 1331 ³⁴
562 1316 649 1344 nolite
669 1317 796 1344 arbitrari
816 1318 884 1354 quia
902 1318 969 1345 ueni
989 1319 1101 1346 mittere
1122 1327 1224 1355 pacem
1246 1327 1333 1355 super
1351 1324 1464 1346 terram.
1494 1328 1554 1346 non
1574 1319 1641 1347 ueni
1657 1328 1760 1356 pacem
1775 1319 1886 1347 mittere
1905 1320 1957 1348 sed

449 1363 588 1400 gladium.
614 1363 636 1378 ³⁵
644 1364 710 1391 ueni
726 1364 804 1392 enim
821 1374 953 1401 separare
969 1365 1118 1393 hominem
1135 1365 1272 1393 aduersus
1288 1370 1400 1403 patrem
1416 1375 1509 1394 suum.
1535 1370 1563 1394 et
1579 1366 1665 1393 filiam
1682 1366 1820 1394 aduersus
1835 1372 1956 1395 matrem

450 1420 541 1438 suam.
571 1411 591 1425 ³¹²
600 1416 627 1438 et
646 1411 753 1439 inimici
768 1411 894 1440 hominis
910 1412 1061 1440 domestici
1077 1413 1145 1440 eius.

533 1458 554 1473 '³⁷
563 1458 612 1494 qui
639 1458 729 1495 diligit
747 1464 856 1495 patrem
881 1464 928 1487 aut
954 1465 1075 1487 matrem
1100 1460 1164 1496 plus
1187 1469 1274 1497 quam
1296 1469 1352 1488 me.
1384 1469 1445 1488 non
1467 1465 1510 1488 est
1531 1469 1579 1488 me
1602 1460 1715 1497 dignus.
1745 1465 1772 1488 et
1795 1461 1843 1497 qui
1866 1461 1957 1497 diligit

450 1505 539 1532 filium
560 1510 609 1533 aut
628 1505 715 1533 filiam
734 1506 798 1542 plus
820 1515 908 1542 quam
928 1516 983 1534 me.
1013 1516 1073 1534 non
1089 1513 1131 1535 est
1147 1516 1193 1534 me
1213 1507 1326 1543 dignus.
1357 1507 1414 1535 38et
1430 1507 1478 1543 qui
1494 1516 1554 1535 non
1570 1507 1675 1543 accipit
1691 1516 1806 1535 crucem
1823 1516 1904 1535 suam
1928 1513 1956 1536 et

450 1552 578 1588 sequitur
593 1561 648 1580 me.
679 1562 737 1581 non
754 1558 796 1580 est
812 1562 858 1580 me
874 1553 987 1590 dignus.
1017 1554 1038 1568 ³⁰
1047 1554 1095 1591 qui
1114 1554 1223 1582 inuenit
1238 1554 1367 1582 animam
1383 1563 1464 1582 suam
1480 1554 1579 1591 perdet
1599 1554 1675 1582 illam
1692 1559 1719 1582 et
1735 1555 1783 1591 qui
1800 1555 1955 1591 perdiderit

450 1599 577 1626 animam
594 1608 676 1627 suam
691 1605 809 1636 propter
824 1609 870 1628 me
888 1601 1014 1629 inueniet
1029 1610 1103 1628 eam.

532 1646 553 1660 4⁰
563 1646 612 1683 qui
627 1647 725 1684 recipit
740 1656 801 1675 uos.
833 1657 880 1675 me
896 1648 995 1685 recipit
1010 1654 1038 1676 et
1058 1649 1107 1685 qui
1130 1658 1176 1676 me
1197 1648 1296 1685 recipit
1316 1648 1415 1685 recipit
1434 1657 1500 1675 eum
1516 1648 1565 1685 qui
1581 1657 1627 1675 me
1643 1648 1728 1675 misit.
1759 1648 1778 1662 ⁴¹
1789 1648 1837 1685 qui
1854 1649 1955 1685 recipit

450 1692 623 1730 prophetam
643 1694 672 1721 in
690 1695 809 1722 nomine
831 1695 990 1731 prophetae
1011 1695 1176 1723 mercedem
1197 1695 1355 1732 prophetae
1376 1695 1506 1732 accipiet.
1544 1700 1571 1723 et
1595 1696 1644 1732 qui
1670 1695 1770 1732 recipit
1796 1695 1902 1723 iustum
1926 1697 1955 1724 in

451 1741 570 1768 nomine
585 1740 648 1768 iusti
663 1741 828 1769 mercedem
844 1742 909 1770 iusti
926 1743 1054 1779 accipiet.

531 1785 553 1801 ⁴2
562 1792 589 1815 et
609 1788 774 1825 quicunque
796 1794 897 1825 potum
919 1789 1028 1817 dederit
1050 1790 1099 1817 uni
1118 1799 1153 1817 ex
1172 1789 1299 1818 minimis
1316 1789 1375 1817 istis
1394 1789 1513 1817 calicem
1529 1798 1622 1826 aquae
1637 1788 1764 1825 frigidae.
1794 1794 1906 1817 tantum
1925 1790 1953 1817 in

450 1834 567 1862 nomine
582 1834 713 1872 discipuli
729 1845 814 1863 amen
829 1836 895 1864 dico
911 1837 1003 1864 uobis.
1033 1846 1093 1864 non
1109 1836 1209 1873 perdet
1225 1836 1390 1864 mercedem
1406 1845 1496 1864 suam.

453 1972 532 1996 >me
549 1968 671 1992 neeauerit
690 1969 720 1992 R.
756 1978 802 1994 om.
823 1978 875 1998 ego
893 1971 958 1994 NrV.
995 1971 1057 1998 >in
1077 1971 1153 1995 caelis

451 2012 487 2031 est
500 2007 621 2037 ESPLQR
633 2015 671 2038 vg.
702 2008 761 2031 celis
774 2009 814 2032 W.

485 2053 524 2076 34.
542 2047 723 2078 nolite÷ergo
737 2047 763 2070 B.
793 2048 911 2072 arbitrare
923 2049 955 2072 D.
986 2051 1067 2077 quia:
1086 2049 1152 2080 quod

453 2086 543 2109 BFx*.
578 2086 682 2108 uenirim
708 2086 746 2114 R;
776 2087 830 2110 ueni
855 2088 882 2111 E.
918 2089 1029 2111 mittere
1055 2096 1153 2115 pacem

453 2128 553 2156 (panem
572 2125 597 2147 H
616 2125 645 2155 [f
663 2125 778 2148 montibus
791 2130 839 2156 pro
856 2127 972 2150 noctibus
988 2127 1029 2149 xii.
1043 2128 1102 2157 40):
1124 2131 1151 2154 >

452 2172 538 2194 pacem
550 2164 648 2187 mittere
658 2164 805 2188 BD'ffisz
841 2167 870 2188 in
883 2168 986 2189 terram
998 2174 1002 2189 z
1021 2174 1067 2189 om.
1080 2165 1137 2189 ΒΧ*
1148 2174 1153 2195 ;

452 2204 476 2226 in
489 2207 553 2226 terra
568 2203 686 2232 {Puram
699 2203 894 2231 }P¹)M'Z*(s0rr.
908 2204 946 2235 Z‘)
959 2212 1014 2227 cum
1031 2205 1057 2227 S.
1070 2205 1117 2228 ioh..
1131 2208 1154 2228 el

451 2246 515 2272 (erp.
534 2249 620 2269 oxon.;
644 2249 731 2272 pacem
751 2243 858 2266 uenerim
879 2243 976 2266 mittere
994 2243 1017 2265 in
1036 2247 1079 2266 ter.
1096 2251 1153 2273 vg.;

452 2281 560 2304 uenerim
580 2288 667 2311 pacem
690 2280 714 2303 in
738 2284 827 2304 terram
847 2282 944 2305 mittere
964 2286 1001 2305 est
1023 2289 1072 2305 non
1097 2283 1152 2306 ueni

452 2320 532 2350 imple
545 2320 572 2343 L.
608 2319 651 2342 sed
663 2319 781 2349 gaudium
795 2321 825 2350 Q,

487 2365 525 2388 35.
543 2366 654 2389 seperare
673 2358 713 2385 D;
735 2366 791 2389 sepe
806 2358 809 2389 l
826 2367 911 2390 perare
930 2360 957 2383 L.
993 2361 1151 2384 hominem:

452 2396 530 2420 filium
548 2397 672 2419 hominem
691 2397 714 2426 Q
735 2405 797 2427 qnae
814 2398 928 2429 conflatio
946 2402 980 2421 cst
997 2406 1027 2421 cx
1044 2397 1095 2421 υἱόν
1108 2406 1151 2429 gr.

455 2436 487 2459 D.
503 2443 542 2465 42.
561 2435 635 2466 114**
654 2435 667 2458 b
681 2439 706 2461 (a
724 2435 783 2466 (its.)
795 2444 806 2458 c
818 2437 907 2468 dffig,
921 2437 936 2459 lt
950 2445 964 2467 q
985 2440 1007 2459 ct
1030 2436 1152 2467 ἄνθρωπον

448 2482 490 2504 gr.
503 2474 639 2505 plunflc.
673 2482 719 2497 om.
737 2482 819 2497 suum
838 2476 866 2499 L.
901 2477 1003 2499 filiam:
1023 2475 1101 2498 filium
1119 2475 1151 2498 Z*

453 2516 526 2539 (corr.
545 2521 595 2536 >am
614 2513 662 2541 2²).
697 2516 725 2536 et
742 2521 845 2537 nurum
863 2516 999 2537 aduersus
1018 2516 1095 2543 (-sum
1114 2515 1150 2544 D)

453 2559 563 2574 socrum
576 2560 670 2576 suam:
688 2560 734 2575 om.
747 2553 781 2575 Z*
794 2553 836 2575 secl
843 2560 856 2575 ψ
868 2554 895 2576 in
910 2554 961 2576 ima
969 2557 1026 2584 pag.
1041 2554 1076 2577 2².

487 2590 525 2620 36.
543 2593 653 2614 inimici
668 2597 685 2613 4-
701 2599 749 2613 non
762 2591 817 2622 plus
829 2599 902 2622 quam
916 2600 955 2615 me
972 2592 1005 2614 L*-
1019 2591 1153 2623 (improbat

453 2637 470 2653 s.
485 2631 538 2655 nm.
572 2630 684 2653 homines
696 2630 800 2653 00VV*.
836 2630 960 2654 domistici
974 2630 1052 2654 DLR.

487 2673 526 2698 37.
543 2672 652 2696 patrem
672 2675 688 2693 4-
707 2677 778 2692 suurn
808 2668 850 2692 0¹.
883 2677 929 2693 om.
958 2672 1006 2693 aut
1034 2672 1151 2693 matrem

1255 1973 1319 1998 plus
1336 1979 1419 1998 quam
1435 1978 1479 1994 me
1497 1978 1555 1994 non
1570 1969 1644 2000 L(¹1f·
1658 1978 1683 1994 u.
1697 1969 1747 1999 36).
1782 1973 1890 1997 patrem
1907 1975 1955 1995 aut

1255 2013 1373 2033 matrem
1382 2018 1436 2032 cum
1447 2017 1532 2040 gracco
1546 2008 1955 2040 BDE2P⁷=¹⁴1He>JK1xTOv¹QTVW

1255 2049 1299 2072 XZ
1317 2057 1371 2079 2¹31:
1399 2052 1493 2079 patrem
1506 2052 1530 2071 et
1542 2055 1574 2071 m.
1589 2048 1854 2079 ACEPWMuieORY.
1889 2051 1955 2076 plus

1254 2095 1353 2115 quam:
1373 2095 1444 2118 super
1456 2086 1487 2109 T.
1522 2085 1600 2109 filium
1614 2090 1637 2110 et
1651 2086 1727 2109 filiam
1744 2086 1784 2109 ΞΡ*
1799 2092 1870 2113 (corr.
1885 2089 1954 2118 mg).

1254 2133 1353 2153 super:
1373 2126 1430 2156 plus
1448 2133 1521 2156 quam
1536 2125 1608 2155 JLQ.
1644 2133 1692 2148 non
1709 2128 1744 2149 est
1760 2125 1850 2156 dignus
1866 2126 1955 2156 dignus

1254 2164 1336 2195 inepte
1350 2165 1383 2192 B;
1403 2171 1452 2187 non
1466 2171 1504 2186 me
1516 2163 1606 2193 diguus
1619 2163 1648 2193 Q.

1287 2204 1326 2233 38.
1344 2203 1439 2233 accepit
1452 2202 1478 2225 B.
1515 2206 1631 2232 sequatur
1642 2202 1775 2233 DFPLQR.

1287 2249 1325 2273 39.
1345 2242 1369 2265 in
1379 2242 1446 2265 uenit
1455 2241 1488 2265 D.
1523 2243 1645 2264 animam
1655 2249 1734 2265 suam
1746 2241 1838 2265 litteris
1849 2242 1954 2265 minori-

1253 2281 1296 2304 bus
1307 2281 1338 2304 X.
1373 2282 1486 2308 perdet:
1505 2280 1591 2311 perdat
1601 2280 1673 2303 NTZC.
1708 2282 1801 2303 illam:
1820 2289 1876 2304 cam
1886 2281 1953 2305 DW.

1254 2323 1382 2347 propter:
1402 2327 1447 2350 pro
1461 2319 1491 2342 R.
1526 2327 1601 2342 eam:
1621 2319 1690 2342 illam
1704 2319 1755 2343 EL.

1286 2366 1324 2388 40.
1344 2360 1394 2386 qui
1410 2360 1529 2385 recipit:
1548 2362 1572 2381 et
1590 2358 1632 2388 qui
1650 2358 1768 2388 receperit
1788 2358 1816 2385 F,
1835 2359 1876 2389 qui
1894 2359 1953 2382 reci-

1253 2398 1315 2428 perit
1325 2398 1347 2428 Q
1355 2406 1360 2425 ;
1369 2398 1456 2420 deinde
1465 2397 1505 2428 qui
1516 2405 1555 2419 me
1564 2397 1655 2427 recepit
1665 2397 1757 2428 recepit
1767 2415 1772 2420 .
1784 2416 1789 2421 ,
1800 2397 1891 2428 recepit
1902 2398 1952 2420 EF.

1252 2444 1296 2459 me
1309 2438 1426 2463 recipit:
1448 2440 1474 2462 >
1486 2436 1573 2466 recipit
1591 2443 1629 2458 me
1647 2435 1700 2458 DL.
1735 2437 1836 2463 recipit
1850 2436 1953 2466 trecipet

1253 2476 1287 2505 O)
1298 2483 1362 2498 eum
1373 2484 1378 2498 :
1397 2475 1488 2505 recepit
1501 2474 1572 2497 illum
1584 2475 1605 2497 E
1618 2475 1747 2505 uid.rup1·.
1783 2474 1862 2497 missit
1873 2474 1952 2497 DLR.

1286 2520 1324 2544 41.
1343 2514 1385 2544 qui
1411 2513 1500 2543 recepit
1528 2513 1556 2536 E.
1603 2512 1722 2543 profetam
1742 2531 1748 2536 .
1768 2531 1772 2536 .
1791 2513 1902 2543 profetae
1921 2531 1926 2536 .
1947 2532 1952 2537 .

1253 2553 1361 2583 profetae
1381 2552 1506 2575 DH‘LOR
1526 2552 1658 2582 (prophete
1674 2552 1726 2580 W).
1761 2551 1893 2574 mercidem
1914 2555 1952 2574 [cr

1253 2591 1320 2614 ELR
1345 2591 1385 2614 7121·
1407 2595 1429 2614 el
1453 2598 1492 2621 42.
1527 2592 1683 2614 mercedem
1706 2592 1874 2617 prophetae:
1904 2598 1952 2613 om.

1252 2632 1405 2658 prophetae
1424 2630 1462 2653 Μ’.

1286 2676 1325 2699 4²-
1344 2672 1372 2692 et
1395 2677 1440 2692 om.
1466 2668 1501 2691 Y*
1525 2676 1586 2692 carr.
1610 2676 1642 2691 m.
1667 2676 1687 2692 r.
1728 2667 1864 2698 quicunque
1891 2666 1950 2698 ἦῆ.
