2209 3147
380 246 443 283 498

545 329 646 353 AHVY
654 329 731 353 Harl.
746 335 816 360 2797.

423 375 526 404 festum
553 376 762 412 scaenopegiae
789 375 838 403 ubi
867 376 981 404 diuersa

422 423 457 451 de
477 432 512 451 eo
534 428 561 450 et
582 423 619 450 ab
640 431 674 450 eo
693 422 825 450 dicuntur
846 427 872 450 et
893 432 980 459 quae-

422 474 515 498 rentes
527 478 593 497 eum
606 469 821 506 adprehendere
834 475 981 506 nequeunt

421 517 489 553 quia
505 516 635 544 nondum
652 521 770 544 uenerat
785 516 856 545 hora
871 517 940 545 eius.

380 563 461 591 XIX.
492 562 593 591 Multis
623 563 658 590 de
688 564 770 591 turba
799 563 981 592 credentibus

420 610 543 647 plurima
573 610 698 646 loquitur
727 610 800 638 inter
829 619 902 647 quae
932 611 980 648 qui

421 657 478 685 sitit
493 657 589 685 ueniat
605 656 642 684 ad
658 666 704 684 me
720 662 747 685 et
762 656 843 685 bibat
902 658 979 685 nico-

420 704 507 732 demo
519 712 637 741 quoque
647 712 699 740 pro
712 704 776 741 ipso
788 704 822 732 de
835 704 981 732 audientia

421 751 527 779 dicenti
542 751 680 778 resistitur
696 760 711 778 a
727 751 892 788 pharisaeis.

379 891 445 919 XX.
476 890 631 919 Mulierem
660 891 690 918 in
717 891 856 919 adulterio
886 901 979 929 repre-

419 938 542 967 hensam
558 942 644 975 atque
659 938 695 966 ad
712 947 742 966 se
758 939 912 967 adductam
927 949 979 967 nec

421 987 457 1014 ab
498 986 712 1014 accusatoribus
755 986 980 1014 condemnatam

420 1034 481 1070 ipse
505 1033 558 1061 sub
582 1033 755 1061 condicione
782 1042 839 1070 qua
864 1033 980 1062 ulterius

421 1090 479 1108 non
497 1085 632 1117 peccaret
648 1080 780 1109 absoluit.

380 1127 462 1155 XXI.
485 1127 595 1156 Lucem
616 1127 715 1155 mundi
737 1137 767 1156 se
788 1128 887 1156 dicens
910 1128 980 1165 pha-

421 1175 529 1203 risaeos
552 1174 587 1202 de
609 1175 726 1212 proprio
750 1175 915 1204 testimonio
937 1185 980 1204 re-

420 1222 557 1250 sultantes
598 1222 689 1259 arguit
724 1223 859 1250 iudicium
896 1232 979 1250 suurn

419 1278 521 1297 uerum
544 1278 606 1297 esse
629 1269 813 1297 confirmans.

380 1316 478 1344 XXII.
500 1316 577 1344 Dicit
591 1316 698 1344 iudaeis
711 1322 738 1344 et
750 1326 804 1344 uos
817 1317 845 1344 in
858 1323 979 1354 peccato

419 1368 515 1391 uestro
538 1363 701 1391 moriemini
725 1372 741 1390 a
765 1364 869 1400 quibus
893 1364 978 1391 inter-

420 1414 538 1446 rogatus
562 1410 626 1446 quis
650 1415 724 1437 esset
751 1410 924 1447 principium
949 1420 978 1439 se

420 1466 482 1485 esse
499 1456 647 1494 respondit
663 1457 773 1484 addens
790 1466 855 1485 cum
873 1457 979 1485 exalta-

421 1504 517 1531 ueritis
547 1503 635 1531 filium
665 1503 791 1531 hominis
821 1509 887 1531 tunc
911 1513 979 1540 cog-

421 1551 547 1579 noscetis
564 1551 631 1588 quia
646 1560 702 1587 ego
718 1559 789 1578 sum.

380 1597 493 1626 XXIII.
527 1598 641 1626 Iudaeis
674 1598 855 1626 credentibus
888 1599 925 1626 ait
958 1599 980 1626 si

421 1645 581 1673 manseritis
596 1645 624 1672 in
644 1654 777 1673 sermone
793 1655 859 1673 meo
875 1646 980 1673 ueritas

421 1693 550 1721 liberabit
559 1702 612 1721 uos
623 1693 727 1730 quibus
741 1693 980 1729 respondentibus

421 1749 451 1768 se
471 1749 533 1768 esse
554 1740 659 1768 liberos
680 1740 747 1768 (licit
766 1740 814 1777 qui
831 1739 896 1768 facit
913 1750 979 1777 pec-

420 1791 516 1815 catum
540 1795 639 1815 seruus
662 1791 703 1814 est
726 1787 835 1823 peccati
858 1792 885 1815 et
908 1787 981 1815 inter

421 1834 475 1861 alia
490 1833 579 1861 multa
595 1833 741 1861 diabolum
763 1833 937 1861 homicidam
954 1839 979 1861 et

420 1880 563 1908 mendacii
580 1885 690 1917 patrem
707 1880 847 1917 adsignat.

381 1927 509 1955 XXIIII.
534 1926 592 1962 Qui
604 1935 769 1954 sermonem
780 1927 870 1963 inquit
881 1936 979 1954 meum

420 1974 574 2002 seruauerit
596 1978 718 2002 mortem
742 1983 800 2002 non
823 1974 929 2002 uidebit
952 1975 979 2002 in

420 2026 568 2049 aeternum
594 2027 622 2048 et
644 2021 716 2048 inter
738 2025 832 2048 cetera
858 2021 979 2057 plurima

420 2073 488 2096 ante
508 2067 647 2096 abraham
667 2077 696 2095 se
717 2076 779 2095 esse
803 2067 901 2095 dicens
921 2068 979 2095 exi-

421 2116 461 2142 uit
477 2114 512 2143 de
529 2114 645 2152 templo.

413 2181 511 2204 XVIII.
536 2180 666 2211 scaenoph.
696 2181 729 2209 H,
760 2181 875 2211 scenoph.
902 2181 979 2204 Harl.

384 2215 467 2237 lem.
503 2218 629 2245 querentes
642 2213 672 2236 Y.
707 2213 904 2244 adpraehendere
918 2213 950 2236 H.

412 2247 483 2270 XIX.
501 2255 547 2278 que
557 2246 647 2273 Harl.;
665 2246 725 2270 ÷ait
738 2246 821 2270 Tlmm.
841 2246 936 2269 dicente
946 2247 978 2269 H.

413 2280 469 2303 XX.
488 2279 662 2310 deprehensam
677 2279 702 2301 H
716 2279 793 2302 Harl.
810 2279 892 2302 leom.
923 2287 980 2302 con-

380 2312 471 2335 ditione
484 2312 560 2335 Harl.
578 2312 661 2335 Tlmm.

413 2345 497 2368 XXII.
517 2352 546 2368 a:
565 2344 596 2367 ad
610 2344 684 2367 Harl.
721 2343 891 2368 exaltaueretis
905 2345 933 2367 Y.

414 2377 511 2400 XXIII.
535 2377 691 2408 gredentibus
717 2377 750 2400 H.
793 2377 917 2400 homicida
946 2377 979 2400 H.

381 2410 497 2433 mendatii
512 2410 589 2433 Harl.

414 2443 526 2465 XXIIII.
545 2442 629 2473 inquid
644 2442 676 2465 H.
713 2445 805 2466 caetera
825 2442 907 2465 Tlmm.

860 244 1087 274 CAPITULA
1115 244 1173 274 IN
1192 245 1510 275 EUANGELIUM

1107 329 1215 353 SFCfflJ
1219 329 1321 360 (breues,
1326 329 1406 354 OTX.

1115 375 1278 404 ascendens
1299 376 1327 403 in
1343 376 1484 413 templum

1116 422 1208 450 docet.

1076 562 1172 591 Maius
1202 563 1306 591 aetiam
1336 563 1371 591 de
1401 564 1484 592 turba

1116 609 1299 637 credentibus
1323 610 1400 638 idem
1427 611 1483 639 cla-

1116 661 1175 684 mat
1192 656 1214 684 si
1230 657 1294 694 quis
1316 657 1372 685 sitit
1388 658 1483 686 ueniat

1115 709 1143 731 et
1159 704 1246 731 bibat.

1075 749 1151 778 Cum
1174 751 1310 778 ministris
1332 755 1359 779 et
1386 751 1483 780 nicho-

1116 797 1195 826 dimo
1215 798 1344 834 principe
1364 803 1483 827 conten-

1115 844 1195 872 dunL

1076 890 1120 918 De
1136 891 1255 918 muliere
1271 891 1407 920 adultera.

1074 1132 1123 1160 Ihs
1139 1132 1236 1160 lumen
1256 1133 1357 1161 mundi
1373 1142 1436 1161 esse
1453 1143 1482 1162 se

1115 1179 1267 1216 praedicat.

1032 1321 1129 1347 VIII.
1160 1319 1221 1347 I‘hs
1256 1320 1483 1353 interrogatus

1113 1374 1320 1400 prinmplum
1338 1375 1373 1395 se
1389 1375 1482 1395 aesse

1113 1415 1298 1447 respondit.

1074 1743 1162 1778 Quod
1196 1743 1309 1772 homnis
1346 1750 1482 1782 peccator

1115 1800 1215 1819 seruus
1236 1791 1277 1819 sit.

1073 2069 1110 2097 Et
1120 2069 1199 2107 quod
1209 2069 1252 2099 ihs
1264 2075 1331 2098 ante
1342 2070 1481 2099 abraham

1113 2123 1156 2144 Sit.

1542 330 1598 354 Uat.
1605 331 1676 355 Alex.
1686 337 1715 362 14
1722 346 1730 361 -x
1739 342 1759 350 =
1770 331 1911 363 Th0m.1.p.
1918 333 1987 363 344).

1578 376 1650 405 festo
1663 377 1690 405 in
1703 378 1842 415 templum
1855 384 1880 406 et
1894 378 1986 407 docet.

1537 563 1572 591 Et
1593 563 1629 592 de
1650 565 1732 592 turba
1754 565 1836 592 multi
1858 565 1985 593 credide-

1578 616 1641 638 runt
1657 611 1686 638 in
1702 612 1837 647 operibus
1853 611 1927 640 Iesu.

1537 657 1619 685 Idem
1646 657 1760 692 clamat,
1787 658 1809 685 si
1837 659 1900 695 quis
1930 659 1986 687 sitit

1577 704 1675 732 ueniat
1690 710 1717 732 et
1733 705 1820 733 bibat.

1537 751 1612 779 Cum
1628 752 1764 779 ministris
1780 757 1808 780 et
1820 751 1985 781 Nicodemo

1577 799 1722 836 principes
1738 799 1922 828 contendunt.

1536 891 1581 919 Dc
1600 892 1719 920 muliere
1736 892 1872 921 adultera.

1536 1137 1615 1165 Iesus
1631 1138 1729 1166 lumen
1749 1140 1850 1167 mundi
1871 1149 1901 1168 se
1921 1150 1984 1168 esse

1576 1194 1635 1213 non
1663 1186 1846 1215 credentibus
1872 1187 1985 1216 Iudaeis

1576 1232 1604 1259 in
1640 1232 1841 1269 gazophilacio
1875 1234 1984 1263 docens

1575 1279 1728 1316 praedicat.

1535 1325 1618 1353 VIII.
1642 1326 1722 1354 Iesus
1743 1326 1849 1355 docens
1866 1328 1894 1355 in
1913 1334 1984 1356 tem-

1576 1373 1624 1409 plo
1635 1373 1824 1410 interrogatur
1834 1380 1860 1402 et
1874 1375 1983 1403 initium

1576 1429 1606 1447 se
1623 1430 1685 1448 esse
1702 1421 1856 1457 respondit.

1535 1743 1624 1779 Quod
1646 1745 1741 1773 omnis
1768 1751 1902 1782 peccator
1924 1755 1982 1774 ser-

1575 1800 1628 1820 uus
1645 1792 1686 1820 sit.

1534 2018 1571 2047 Et
1586 2018 1621 2046 de
1637 2019 1784 2047 Abraham
1806 2020 1884 2057 quod
1905 2029 1982 2049 mor-

1575 2071 1640 2094 tuus
1657 2067 1691 2094 sit
1706 2072 1733 2094 et
1750 2066 1829 2095 Iesus
1845 2068 1922 2104 prior
1934 2068 1982 2096 illo

1575 2122 1619 2143 sit.

1065 2184 1121 2208 VII.
1142 2185 1235 2216 templo
1247 2186 1274 2209 J.
1300 2187 1405 2208 maius:
1420 2186 1481 2208 mul-

1031 2216 1062 2239 tis
1071 2217 1124 2241 rell.
1147 2218 1270 2248 principes
1276 2218 1388 2242 SFIJOX
1396 2219 1480 2242 Tlmm.

1031 2257 1076 2272 om.
1098 2251 1131 2273 de
1153 2252 1271 2274 muliere
1290 2252 1418 2274 adultera
1439 2252 1479 2274 (M

1031 2280 1091 2305 O*x
1111 2283 1158 2306 cod.
1177 2287 1217 2314 ap.
1240 2283 1323 2307 leom.
1358 2288 1412 2310 >se
1430 2292 1482 2307 esse

1031 2315 1112 2341 SFIO:
1130 2323 1176 2338 om.
1190 2323 1218 2339 se
1231 2316 1258 2339 J.

1065 2348 1137 2371 VIII.
1156 2350 1193 2371 sit
1206 2356 1260 2372 sea:
1279 2352 1301 2372 et
1314 2350 1340 2372 J.
