2209 3147
390 336 560 366 DH'GQimr.

227 381 322 409 XXX.
353 381 535 409 Discendens
564 381 599 409 de
624 387 724 409 monte

266 437 387 465 puerum
411 438 428 456 a
453 428 589 457 demonio
614 428 725 457 curauit

266 480 294 504 et
309 475 431 503 docebat
446 475 635 503 humilitatem
652 475 724 503 sicut

265 531 370 559 pueros
385 522 444 550 fieri
459 522 505 550 De
518 522 645 560 quodam
658 531 724 559 pro-

266 569 364 597 hibeto
389 569 438 606 qui
464 578 524 597 non
550 569 724 606 sequebatur

265 616 333 643 ihm.

225 802 336 830 XXXI.
373 801 514 830 Dixerunt
543 802 668 831 Iacobus
696 809 725 831 et

266 849 401 877 iohannis
421 849 444 877 si
464 850 507 877 uis
528 855 660 886 petemus
682 850 724 886 ig·
750 887 751 891 Ἰ

265 905 334 923 nem
348 901 379 923 ut
394 896 465 932 petit
479 896 569 924 helias
589 896 625 924 de
642 896 723 924 caelo

265 947 294 971 et
323 943 361 970 ait
389 943 508 980 quidam
534 943 571 971 ad
597 943 657 971 ihm
681 952 724 971 se-

265 998 336 1026 quar
351 994 378 1017 te
394 995 422 1017 et
438 990 494 1018 alio
515 990 585 1018 dicit
604 999 723 1027 sequere

264 1045 312 1064 me
348 1037 409 1064 sine
445 1041 574 1065 mortuos
611 1037 723 1074 sepilire

266 1088 397 1112 mortuos
422 1092 490 1111 suos
512 1089 540 1111 et
562 1084 723 1121 designauit

265 1130 308 1158 ihs
330 1130 399 1158 lxxii
422 1130 569 1167 discipulis
592 1136 620 1158 et
640 1140 723 1158 man-

265 1177 332 1205 data
367 1177 407 1205 eis
446 1177 523 1205 dedit
551 1178 724 1215 Inproperat

265 1225 434 1253 ciuitatibus.

225 1457 352 1485 XXXII.
374 1458 412 1485 Et
432 1460 537 1487 reuersi
557 1459 626 1487 lxxii
647 1459 722 1487 Cum

265 1552 330 1580 dete
366 1552 433 1589 quia
473 1553 592 1580 nomina
630 1559 724 1581 uestra

266 1599 371 1636 scripta
386 1605 450 1627 sunt
463 1600 493 1626 in
506 1600 592 1628 caelis
605 1606 633 1628 et
645 1600 723 1628 Con—

265 1648 351 1676 fessio
367 1648 414 1676 ihu
430 1649 466 1676 ad
483 1655 601 1685 patrem.

750 1814 752 1828 i

802 252 1061 281 SECUNDUM
1081 253 1252 282 LUCAM.
1766 258 1824 298 287

941 336 959 359 J
971 336 1111 366 (capitula).

778 381 938 408 XXVIIII.
977 380 1035 408 Ubi
1078 390 1199 417 puerum
1239 383 1276 409 ab

819 428 918 464 spiritu
944 428 1087 456 inmundo
1113 428 1223 456 curauit
1249 434 1277 456 et
1302 442 1304 451 ι

818 475 975 512 discipulos
990 479 1098 502 monet.

778 521 874 550 XXX.
895 521 953 549 Ubi
965 521 1097 557 discipuli
1109 522 1277 558 cogitabant
1302 523 1303 564 i

818 570 882 606 quis
897 577 999 597 eorum
1014 568 1107 596 maior
1123 574 1205 596 esset.
1302 570 1303 629 ἶ

1302 634 1303 648 i

1390 338 1413 361 K
1422 338 1497 362 Harl.
1513 345 1575 369 2790
1586 340 1668 363 Nam.
1681 341 1768 364 Bamb.

778 806 889 834 XXXI.
905 806 963 834 Ubi
973 807 1103 844 discipuli
1113 808 1142 835 in
1153 808 1276 836 samaria
1302 829 1303 848 ἢ

819 862 880 881 non
895 860 961 882 sunt
975 856 1081 891 recepti
1097 860 1125 883 et
1139 855 1276 884 uolebant
1302 850 1303 882 ἶ

818 901 915 938 ignem
931 902 966 929 de
981 902 1061 930 caelo
1076 908 1184 939 petere.

777 948 905 976 XXXII.
941 947 987 976 De
1016 958 1052 977 eo
1081 949 1130 987 qui
1159 949 1276 977 uolebat
1302 967 1303 970 =

1330 809 1473 838 XXVIII.
1487 810 1546 838 Ubi
1555 811 1611 839 dfis
1621 821 1637 839 a
1647 813 1830 840 samaritanis

1370 866 1430 886 non
1445 858 1587 895 recipit-ur.

1330 950 1489 979 XXVIIII.
1520 951 1579 979 Ubi
1609 953 1676 981 dicit
1711 954 1828 990 quidam

818 995 899 1032 sequi
914 996 1005 1023 iesum
1021 1001 1049 1023 et
1069 996 1126 1024 alio
1145 996 1212 1024 dicit
1232 1005 1275 1024 se·
1302 1020 1304 1041 3
1371 1007 1476 1034 sequar
1490 1003 1518 1026 te
1533 1003 1561 1026 et
1573 1000 1673 1027 annuit
1684 1000 1830 1038 aliumque

817 1052 904 1080 quere
919 1052 975 1070 me.
1371 1045 1550 1074 cohortatur.

777 1089 920 1117 XXXIII.
936 1089 995 1117 Ubi
1004 1090 1082 1118 misit
1094 1091 1277 1128 septuaginta
1302 1086 1304 1112 Ῑ
1330 1092 1425 1120 XXX.
1450 1092 1509 1120 Ubi
1527 1093 1598 1121 alios
1617 1094 1685 1122 lxxii
1700 1095 1755 1123 dfis
1771 1095 1830 1122 616-

817 1137 853 1165 ad
865 1137 1092 1174 praedicandum
1104 1143 1132 1166 et
1146 1138 1182 1166 de
1192 1147 1276 1176 prae-
1302 1150 1304 1174 'r
1369 1139 1411 1176 git
1425 1145 1453 1168 et
1467 1139 1504 1167 ad
1519 1141 1732 1177 predicandum
1743 1142 1829 1170 mittit

817 1184 908 1221 ceptis
925 1184 1007 1212 datis.
1302 1219 1303 1231 ἵ
1370 1192 1396 1214 et
1413 1187 1576 1216 ciuitatibus
1591 1189 1740 1225 exprobat.

1302 1235 1304 1261 >

749 1487 750 1497 i
777 1468 935 1496 XXXIIII.
973 1468 1032 1496 Ubi
1068 1469 1174 1497 reuersi
1210 1474 1277 1496 sunt
1302 1469 1304 1486 <
1331 1469 1443 1497 XXXI.
1467 1470 1524 1498 Ubi
1536 1471 1595 1500 dfio
1611 1472 1736 1500 referunt
1751 1472 1830 1509 quod

265 1505 373 1541 gaudio
390 1511 417 1533 et
437 1506 508 1533 dixit
528 1507 569 1534 eis
588 1506 632 1534 ihs
653 1516 723 1543 gau·
749 1502 750 1512 ¹

1303 1507 1304 1521 ¹
1371 1518 1399 1545 in
1433 1518 1493 1546 eius
1523 1520 1643 1548 nomine
1677 1520 1830 1549 daemonia

1372 1564 1495 1592 eicerent
1532 1566 1676 1595 confessio
1711 1567 1761 1594 ihu
1792 1567 1830 1595 ad

818 1516 951 1552 discipuli
978 1516 1015 1543 ad
1040 1516 1134 1544 iesum
1157 1521 1186 1544 et
1209 1516 1278 1544 dicit

818 1563 858 1590 eis
874 1562 908 1590 de
928 1568 1028 1590 satana
1047 1568 1075 1590 et
1094 1562 1277 1591 confessione
1303 1565 1304 1606 J

258 1899 340 1922 XXX.
359 1899 518 1923 descendente
529 1907 558 1922 eo
571 1904 655 1923 monte
666 1908 724 1923 aur.

225 1932 428 1959 puerum÷ihm
445 1940 503 1955 aur.
538 1932 610 1956 docet
629 1932 653 1955 G
665 1941 722 1956 aur.

225 1966 286 1987 fieri
301 1972 318 1987 ÷
334 1969 357 1987 et
373 1964 403 1987 G.
438 1966 548 1991 prohib.
558 1972 574 1986 4
584 1973 598 1988 a
613 1965 676 1988 curis
692 1966 724 1989 G.

225 2005 270 2020 om.
284 2005 341 2020 non
354 1998 424 2027 lapsu
436 1997 469 2020 D.

258 2030 355 2053 XXXI.
372 2030 414 2052 ubi
435 2029 484 2052 dix.
503 2030 534 2059 G,
555 2034 578 2053 et
598 2031 648 2054 dix.
665 2039 722 2054 aar.

750 1867 751 1875 i

749 1879 752 1894 Q

224 2064 269 2085 uis
278 2070 295 2087 ÷
304 2062 350 2085 dfie
358 2062 472 2092 {PQamz
495 2063 600 2093 petimus
609 2063 723 2094 EPQaur.
749 2085 751 2101 γ,

228 2099 255 2121 >
266 2095 316 2125 ign.
331 2095 361 2118 de
377 2102 397 2118 c.
413 2095 475 2118 sicut
492 2096 576 2126 petiuit
592 2096 615 2119 h.
631 2096 662 2119 G.
696 2099 724 2120 et

225 2129 266 2151 ait
285 2129 400 2155 quidam
418 2127 465 2150 inc.
485 2128 615 2151 XXVIIII
633 2129 657 2152 G
670 2129 724 2158 (ubi
749 2142 750 2154 2

225 2161 271 2183 atti
283 2160 307 2190 Q
315 2168 380 2183 aur..
394 2160 441 2183 inc.
452 2160 555 2183 XXXII
567 2161 602 2184 ΞΡ.
637 2163 722 2185 dicit:

225 2193 288 2216 dixit
307 2192 329 2215 G
340 2201 412 2220 αιιν.;
438 2193 501 2217 ÷ihs
516 2201 573 2216 aur.
608 2201 652 2217 me
667 2201 685 2216 ÷
700 2199 723 2217 et

226 2226 279 2256 EPQ
289 2233 346 2248 aur.
380 2229 504 2249 mortuos
517 2229 574 2256 pn:
593 2226 630 2249 ita
640 2228 725 2257 pergit

225 2266 282 2281 aur.
297 2261 321 2282 et
338 2266 411 2281 nemo
428 2261 492 2281 retro
508 2259 638 2289 respiciens
653 2259 724 2290 ponit

226 2299 326 2314 manum
335 2298 407 2322 super
417 2294 531 2314 aratrum.
563 2291 682 2323 sepeliunt
693 2292 724 2316 G.

226 2331 305 2347 suos:
330 2328 380 2347 ÷et
397 2327 476 2347 cetera
493 2324 560 2354 ff‘Q
585 2329 635 2348 ÷et
652 2332 724 2348 nemo

226 2361 290 2380 retro
303 2356 436 2380 adtendens
451 2357 521 2387 ponit
536 2365 636 2380 manum
652 2365 725 2388 super

227 2393 335 2412 aratrum
353 2389 384 2412 G.
419 2393 447 2412 et
463 2391 569 2417 design.
586 2390 633 2412 inc.
649 2390 724 2413 XXX
750 2394 751 2400 ¹

228 2422 276 2452 GQ
285 2430 342 2444 aur.
356 2423 413 2451 (om.
427 2424 476 2449 eff,
493 2422 541 2444 inc.
554 2422 671 2445 XXXIII
688 2423 723 2445 ΞΡΔ

227 2455 264 2477 ita
279 2455 338 2485 legit
354 2454 377 2478 G
395 2455 437 2478 nbi
453 2454 491 2478 ihs
509 2455 594 2478 iterum
612 2455 725 2486 designat

228 2487 287 2510 lxxii
307 2487 376 2510 alios.
411 2495 458 2511 om.
480 2489 547 2511 cnse.
569 2487 647 2518 ffGQ
667 2496 724 2510 aur.

228 2522 283 2543 eis:
309 2520 376 2543 iilius
396 2520 426 2543 G.
462 2522 540 2544 dedit
557 2527 573 2543 4-
589 2525 613 2544 et
632 2520 656 2543 G
668 2528 725 2544 aur.

228 2554 350 2580 inprop.:
370 2552 506 2576 innumerat
520 2553 542 2576 G
554 2561 611 2576 aur.

259 2585 371 2608 xxxn.
396 2589 424 2609 et
440 2589 498 2616 pn:
524 2586 566 2609 ubi
591 2586 621 2609 G.
663 2593 726 2609 eum
752 2579 753 2604 ἐ

228 2620 346 2645 gaudio:
364 2619 498 2649 gaudentes
517 2619 539 2642 G
549 2627 605 2642 aur.
639 2626 684 2641 om.
697 2621 726 2642 et

227 2658 269 2674 sec.
284 2651 307 2674 G
319 2659 377 2674 aur.
410 2652 434 2674 in
448 2651 517 2675 caelo
530 2652 619 2681 Qaur.

820 1610 879 1637 eius
895 1610 932 1637 ad
947 1615 1068 1646 patrem.
1302 1634 1304 1684 i
1371 1617 1490 1649 patrem.

777 1902 933 1958 adXXXIII.
955 1904 1148 1930 septuaginta:
1161 1903 1221 1934 cf.p.
1232 1902 1278 1933 376
1331 1905 1461 1961 BX{XI.
1486 1906 1552 1928 ihu:
1578 1904 1629 1928 eius
1648 1906 1726 1929 Harl.
1748 1906 1830 1930 Nunc.

833 1950 842 1958 4
860 1954 864 1959 .
880 1942 901 1958 1.
1356 1946 1396 1961 an!
1413 1956 1418 1961 .
