2209 3147
1010 273 1071 305 703

511 533 829 573 CAPITULA
881 534 1033 574 ALIA
1088 534 1155 573 IN
1210 534 1562 574 IOHANNEM

813 625 857 646 ex
881 616 994 647 codice
1016 616 1098 647 Par.
1121 616 1198 646 Lat.
1223 615 1267 646 64.

741 736 834 768 Incipit
851 737 1001 769 capitulacio
1019 737 1044 760 in
1061 736 1192 768 euangelio
1208 737 1330 761 iohannis.

282 824 306 852 Ι.
328 823 374 853 De
390 824 538 853 diuinitate
554 826 634 854 uerbi
649 827 729 863 quod
747 827 819 856 karo
834 827 949 856 facium'
958 833 1001 856 est
1018 851 1023 856 .
1039 833 1067 856 et
1081 828 1167 856 iohns
1182 828 1308 865 baptista
1323 827 1358 855 de
1374 837 1408 855 eo
1424 827 1493 855 dicit
1509 848 1515 853 .
1531 835 1592 854 non
1607 834 1671 853 sum
1687 825 1792 863 dignus

364 872 474 900 soluere
492 873 648 910 corrigiam
663 874 845 903 calciamenti
861 876 922 903 eius
937 876 1051 904 soluere
1067 876 1178 904 soluere
1194 874 1258 913 (sic)
1277 897 1283 902 .
1302 880 1330 903 et
1348 874 1428 912 quod
1447 875 1478 902 in
1495 873 1633 901 bethania
1648 873 1719 900 dixit
1741 873 1792 900 ubi

364 923 425 947 erat
439 924 517 947 trans
531 920 681 949 iordanen.
1316 954 1320 957 ,

281 965 320 993 II.
343 966 426 994 Idem
442 966 528 995 iohns
542 967 612 995 dicit
627 967 663 995 de
678 970 739 1005 xpo
754 978 823 997 ecce
838 979 932 1006 agnus
947 970 992 998 dei
1009 991 1015 997 .
1031 979 1098 998 ecce
1113 970 1163 1007 qui
1178 970 1250 997 tollit
1264 976 1386 1006 peccata
1400 968 1511 996 mundi.

281 1013 338 1041 III.
354 1012 511 1041 Hostendit
527 1013 571 1042 ihs
586 1014 701 1043 duobus
716 1015 864 1053 discipulis
878 1017 928 1044 ubi
943 1023 1092 1045 maneret.
1104 1022 1131 1045 et
1147 1017 1269 1044 andreas
1284 1016 1402 1044 adducit
1417 1016 1561 1044 simonem
1573 1023 1660 1051 quem
1676 1020 1791 1051 petrum

364 1066 450 1088 uocat
469 1081 475 1087 .
490 1066 518 1089 et
532 1061 677 1099 philippus
692 1062 809 1091 adducit
824 1063 1053 1092 nathanahelem.

282 1106 352 1134 IIII.
375 1106 434 1135 Ubi
450 1107 586 1136 dominus
602 1109 638 1136 de
653 1118 729 1146 aqua
744 1110 846 1137 uinum
861 1110 936 1138 fecit.

282 1153 320 1181 V.
341 1153 391 1182 Ihs
407 1154 442 1182 de
458 1155 566 1191 templo
580 1155 740 1184 uendentes
754 1157 820 1184 eicit
833 1179 838 1184 .
851 1163 879 1185 et
895 1157 993 1185 dicunt
1008 1157 1033 1185 ei
1048 1157 1129 1195 quod
1144 1157 1260 1194 signum
1275 1156 1424 1184 hostendjs
1439 1156 1525 1184 nobis
1541 1178 1546 1183 .
1559 1160 1587 1184 et
1602 1154 1792 1192 quadraginta

364 1201 496 1229 nondum
511 1202 581 1230 abes
598 1223 604 1230 .
620 1208 647 1230 et
661 1204 723 1239 ipse
738 1203 783 1231 ihs
799 1204 909 1232 sciebat
923 1204 993 1241 quid
1007 1210 1083 1232 esset
1098 1204 1127 1232 in
1142 1204 1270 1232 homine.

282 1246 335 1275 VI.
358 1247 417 1283 Qui
433 1258 493 1276 non
508 1256 624 1278 renatus
639 1250 722 1278 suerit
737 1260 773 1279 ex
789 1260 866 1288 aqua
880 1258 908 1279 et
923 1252 1024 1288 spiritu
1044 1257 1145 1280 sancto
1161 1273 1167 1280 .
1184 1259 1210 1279 et
1233 1251 1305 1279 sicut
1321 1251 1429 1278 moises
1449 1250 1586 1278 exaltauit
1607 1256 1768 1286 serpentem
1785 1271 1792 1277 .

364 1301 393 1323 et
407 1296 456 1332 qui
471 1296 562 1324 credit
577 1297 606 1324 in
621 1306 689 1325 eum
705 1307 766 1326 non
781 1298 928 1326 iudicatur.

283 1342 351 1370 VII.
374 1342 500 1371 Iohanni
515 1344 648 1381 discipuli
664 1345 706 1372 sui
723 1345 823 1373 dicunt
839 1346 905 1383 quia
918 1351 945 1374 et
958 1345 1001 1373 ihs
1013 1346 1139 1383 baptizat
1153 1369 1158 1373 .
1171 1351 1198 1374 et
1210 1345 1295 1374 iohns
1311 1345 1379 1373 dicit
1391 1353 1451 1372 non
1463 1354 1527 1372 sum
1540 1354 1595 1382 ego
1610 1346 1665 1380 xps
1681 1366 1687 1372 .
1703 1348 1731 1371 et
1743 1343 1792 1380 qui

365 1390 431 1418 abet
447 1399 586 1427 sponsam
604 1413 609 1418 .
626 1396 653 1419 et
668 1392 718 1429 qui
733 1392 770 1420 de
785 1399 859 1421 terra
874 1399 918 1421 est
933 1393 968 1421 de
984 1398 1058 1421 terra
1076 1393 1204 1430 loquitur
1220 1415 1226 1420 .
1242 1398 1269 1420 et
1285 1392 1334 1429 qui
1352 1391 1442 1420 credit
1460 1392 1490 1419 in
1505 1391 1596 1419 filium
1612 1392 1678 1419 abet
1694 1391 1792 1418 uitam.

283 1436 368 1464 VIII.
392 1436 514 1466 Secessit
528 1438 572 1466 ihs
587 1438 622 1466 de
637 1439 723 1467 iudea
737 1440 768 1467 in
783 1440 939 1468 samariam
954 1441 1003 1468 ubi
1018 1445 1079 1468 erat
1092 1440 1158 1469 sons
1173 1440 1265 1468 iacob.

283 1483 385 1512 VIIII.
409 1484 520 1513 Sedens
540 1494 626 1523 super
646 1491 765 1523 puteum
787 1487 938 1515 mulierem
960 1487 1041 1524 petiit
1063 1487 1161 1515 bibere
1180 1487 1387 1515 samaritanam
1409 1508 1415 1513 .
1435 1492 1463 1514 et
1482 1485 1519 1513 ad
1543 1485 1700 1523 discipulos
1724 1485 1793 1514 dicit

367 1531 413 1559 alii
428 1532 633 1561 laborauerunt
647 1539 675 1561 et
690 1542 743 1562 uos
758 1534 788 1561 in
803 1534 917 1562 labores
932 1543 1033 1562 eorum
1049 1534 1193 1562 introistis.

283 1578 320 1606 X.
343 1578 421 1614 Quia
446 1579 588 1616 propheta
611 1580 640 1608 in
663 1581 754 1617 patria
778 1590 830 1609 sua
855 1580 998 1609 honorem
1021 1590 1082 1609 non
1105 1582 1172 1609 abet
1197 1603 1202 1608 .
1227 1586 1255 1609 et
1281 1580 1370 1608 filium
1395 1580 1486 1617 reguli
1510 1585 1591 1608 sanat
1616 1601 1622 1608 .
1647 1579 1726 1617 quod
1750 1585 1793 1607 est

366 1626 527 1654 secundum
550 1627 675 1663 signum.

284 1672 337 1700 XI.
361 1673 407 1701 Ad
426 1674 568 1702 natatorio
583 1675 693 1711 piscine
713 1675 862 1703 hominem
887 1680 1026 1703 xxxaxn10
1041 1684 1135 1703 annos
1156 1675 1185 1702 in
1206 1675 1370 1702 infirmitate
1392 1675 1529 1702 abentem
1549 1680 1653 1701 sanat.
1669 1679 1697 1701 et
1719 1673 1791 1701 sicut

364 1726 446 1757 pater
461 1721 589 1749 uiuificat
606 1743 611 1749 .
627 1722 666 1749 ita
684 1728 711 1750 et
726 1723 801 1751 filius
817 1745 823 1750 .
839 1728 867 1751 et
882 1723 931 1760 qui
951 1732 1011 1751 non
1033 1722 1205 1751 honorificat
1220 1722 1310 1749 filium
1326 1744 1332 1749 .
1349 1728 1375 1749 et
1396 1722 1469 1749 sicut
1489 1721 1556 1749 abet
1578 1727 1659 1758 pater
1678 1721 1769 1749 uitam
1785 1743 1791 1748 .

365 1773 393 1795 et
418 1768 515 1795 ueniet
537 1777 588 1796 ora
609 1769 728 1806 quando
749 1770 779 1797 in
800 1770 999 1798 monumentis
1023 1769 1139 1797 audient
1161 1790 1167 1796 .
1189 1776 1217 1797 et
1237 1769 1405 1797 scrutamini
1423 1769 1578 1805 scripturas
1599 1790 1605 1795 .
1624 1774 1652 1795 et
1674 1768 1697 1796 si
1720 1768 1791 1796 alius

365 1815 474 1842 uenerit
489 1815 585 1852 ipsum
600 1816 746 1853 accipietis
763 1838 768 1843 .
785 1822 811 1843 et
830 1816 952 1853 gloriam
968 1817 1005 1844 ab
1021 1817 1146 1845 inuicem
1161 1822 1313 1853 querentes
1329 1837 1334 1842 .
1351 1822 1378 1843 et
1392 1816 1500 1843 moises
1515 1820 1632 1843 accusat
1647 1824 1709 1843 uos.

284 1861 352 1889 XII.
376 1861 421 1890 De
437 1862 564 1899 quinque
581 1863 704 1900 panibus
719 1863 859 1892 ordeaciis
873 1870 901 1891 et
917 1863 1031 1892 duobus
1046 1864 1173 1900 piscibus
1191 1863 1220 1890 in
1236 1863 1364 1900 quinque
1382 1863 1461 1890 milia
1479 1862 1608 1890 uirorum
1625 1884 1631 1889 .
1647 1868 1675 1889 et
1689 1862 1792 1890 uolunt

365 1918 432 1937 eum
448 1914 546 1937 tenere
564 1915 591 1938 et
606 1910 699 1938 facere
719 1919 818 1947 regem
835 1931 840 1936 .
857 1916 884 1938 et
899 1910 970 1947 fugit
990 1917 1016 1938 et
1036 1910 1115 1938 uenit
1137 1910 1173 1938 ad
1192 1910 1348 1946 discipulos
1368 1909 1520 1937 ambulans
1539 1918 1625 1946 super
1644 1918 1724 1937 mare
1741 1931 1746 1936 .
1763 1915 1791 1937 et

366 1956 434 1984 dicit
450 1965 505 1993 ego
521 1965 586 1984 sum
608 1957 692 1993 panis
715 1957 772 1985 uite
789 1979 794 1984 .
810 1962 837 1985 et
857 1966 945 1985 nemo
960 1957 1039 1985 uenit
1054 1957 1091 1985 ad
1111 1966 1159 1985 me
1178 1957 1233 1985 nisi
1254 1962 1335 1993 pater
1357 1965 1439 1984 meus
1457 1956 1572 1984 traxerit
1594 1965 1662 1984 eum
1679 1978 1684 1983 .
1700 1962 1726 1984 et
1742 1956 1791 1993 qui

366 2012 382 2030 a
397 2003 453 2032 deo
468 2009 511 2032 est
527 2025 532 2031 .
547 2003 593 2032 hic
608 2004 680 2032 uidit
695 2010 808 2041 patrem
825 2027 830 2032 .
847 2010 874 2032 et
891 2005 943 2032 nisi
959 2004 1201 2032 manducaueritis
1216 2013 1332 2032 carnem
1346 2003 1393 2031 filii
1409 2003 1544 2031 hominis.

282 2049 368 2078 XIII.
391 2049 468 2085 Quia
485 2051 601 2088 spiritus
617 2056 660 2079 est
675 2052 723 2088 qui
741 2051 866 2079 uiuificat
883 2073 889 2078 .
905 2057 933 2079 et
947 2060 1013 2079 curn
1035 2051 1122 2088 aliqui
1140 2051 1175 2079 de
1190 2051 1337 2088 discipulis
1355 2051 1415 2078 eius
1433 2051 1544 2078 abirent
1564 2057 1640 2078 retro
1656 2072 1661 2078 .
1677 2057 1704 2078 et
1719 2051 1791 2079 dixit

365 2103 447 2134 petro
463 2118 469 2124 .
484 2099 627 2135 numquid
643 2104 670 2126 et
684 2107 739 2127 uos
753 2099 838 2127 uultis
853 2099 902 2127 ire.

283 2143 378 2173 XIIP.
403 2144 512 2173 Dicunt
531 2145 569 2172 ad
587 2145 646 2172 ihm
661 2145 762 2174 fratres
777 2145 838 2174 eius
853 2145 941 2173 transi
955 2145 1022 2174 hinc
1038 2167 1044 2172 .
1061 2152 1087 2173 et
1111 2145 1154 2173 ihs
1169 2145 1237 2173 dicit
1258 2153 1305 2172 me
1321 2145 1381 2172 odit
1402 2144 1528 2172 mundus
1545 2166 1550 2172 .
1565 2150 1592 2172 et
1608 2144 1738 2173 ascendit
1753 2145 1790 2173 ad

366 2191 443 2219 diem
459 2192 562 2220 festum
579 2214 585 2220 .
601 2197 629 2220 et
644 2192 744 2220 dicunt
758 2193 784 2220 ei
799 2192 987 2221 daemonium
1003 2193 1080 2220 abes.

283 2238 350 2266 XV.
374 2238 433 2273 Qui
449 2239 505 2267 sitit
519 2239 616 2267 ueniat
631 2244 659 2267 et
680 2239 759 2267 bibat
774 2261 780 2266 .
796 2244 824 2267 et
845 2239 976 2267 nondum
997 2245 1058 2267 erat
1080 2239 1194 2276 spiritus
1210 2238 1294 2267 datus
1311 2261 1316 2266 .
1333 2246 1360 2266 et
1383 2248 1533 2276 nunquam
1555 2239 1596 2266 sic
1614 2239 1728 2268 locutus
1747 2246 1790 2267 est

365 2285 457 2314 homo
473 2307 478 2313 .
494 2292 521 2314 et
537 2286 690 2314 nicodemo
706 2286 804 2314 dicunt
821 2307 827 2313 .
843 2286 985 2323 numquid
1001 2292 1029 2313 et
1045 2292 1074 2313 tu
1089 2286 1208 2323 galileus
1223 2295 1261 2313 es.

283 2332 366 2360 XVI.
388 2332 546 2361 Adducunt
571 2333 608 2361 ad
631 2333 691 2360 ihm
718 2333 870 2361 mulierem
893 2332 1103 2369 deprehensam
1129 2333 1158 2360 in
1183 2332 1322 2361 adulterio
1344 2354 1349 2359 .
1368 2338 1396 2360 et
1422 2341 1478 2369 ego
1504 2340 1569 2360 sum
1592 2332 1641 2360 lux
1665 2333 1789 2362 mundi.

365 2384 393 2407 et
407 2388 461 2408 uos
477 2380 636 2408 secundum
652 2389 770 2408 carnem
785 2380 914 2408 iudicatis
930 2401 936 2407 .
950 2386 978 2408 et
994 2389 1090 2417 neque
1108 2389 1155 2407 me
1171 2380 1247 2408 scitis
1266 2389 1360 2416 neque
1381 2386 1492 2416 patrem
1510 2388 1610 2407 meum
1626 2402 1632 2407 .
1648 2388 1675 2408 et
1691 2381 1714 2408 si
1729 2390 1789 2409 non

365 2426 539 2454 credideritis
555 2427 622 2464 quia
637 2436 693 2464 ego
708 2436 772 2455 sum
788 2427 958 2455 moriemini.

284 2472 381 2501 XVII.
403 2472 581 2510 Principium
603 2474 652 2510 qui
674 2480 702 2502 et
722 2474 802 2502 locor
824 2474 908 2502 uobis
929 2496 934 2501 .
958 2479 985 2502 et
1008 2483 1077 2511 qum
1100 2473 1290 2502 exaltaueritis
1314 2473 1402 2500 filium
1424 2473 1550 2502 hominis
1573 2495 1579 2501 .
1601 2480 1630 2502 et
1652 2474 1701 2512 qui
1722 2474 1790 2503 facit

364 2524 517 2557 peccatum
533 2542 539 2548 .
554 2529 655 2548 seruus
671 2528 713 2549 est
733 2521 846 2558 peccati
862 2543 868 2548 .
883 2526 911 2548 et
930 2530 984 2549 uos
998 2530 1033 2548 ex
1056 2528 1137 2558 patre
1153 2520 1270 2548 diabolo
1286 2521 1353 2548 estis
1369 2542 1375 2548 .
1390 2527 1417 2547 et
1439 2520 1539 2548 dicunt
1558 2521 1584 2548 ei
1602 2520 1788 2550 daemonium

366 2568 435 2594 abes
451 2589 457 2594 .
473 2573 500 2594 et
515 2572 580 2595 ante
596 2567 735 2595 abraham
749 2577 806 2605 ego
818 2576 890 2595 sum.

284 2611 393 2640 XVIP.
417 2613 486 2641 Ceci
500 2623 517 2641 a
532 2614 680 2641 natiuitate
700 2614 819 2643 occulos
838 2614 919 2642 linuit
936 2637 941 2641 .
956 2622 984 2642 et
1005 2614 1073 2642 lauit
1095 2615 1123 2642 in
1145 2614 1216 2642 siloa
1238 2621 1264 2642 et
1286 2613 1357 2642 uidit
1374 2636 1379 2642 .
1395 2619 1423 2642 et
1445 2614 1469 2642 si
1489 2614 1568 2642 caeci
1590 2615 1690 2644 essetis
1705 2637 1712 2644 .
1728 2625 1787 2644 non

366 2660 489 2688 aberetis
503 2666 664 2698 peccatum.

1498 2716 1607 2745 ,μὶ-ι
