2258 3157
360 305 471 335 meso.

168 350 260 378 LXV.
284 349 407 378 Reddite
427 350 465 378 do
486 359 541 386 que
558 355 624 378 sunt
640 350 669 378 di

209 402 237 425 et
252 397 357 425 cessari
373 406 429 434 que
445 402 510 425 sunt
525 397 654 425 cessaris.

168 490 275 518 LXVI.
298 489 343 518 De
373 490 492 519 muliere
524 500 581 528 que
612 493 665 520 -vii·

207 537 307 565 fratres
336 536 436 564 habuit
471 542 498 565 et
534 538 666 568 farisseos

207 584 404 620 Interrogatos
434 584 470 612 de
499 587 559 621 xpo
585 587 666 614 cuius

208 631 284 659 filius
300 636 384 659 esset.

164 863 288 891 LXVII.
311 863 377 898 Que
395 864 503 893 farissei
520 865 617 893 dicunt
634 872 665 894 ut

204 911 275 938 fiant
304 911 355 939 sed
384 920 441 948 que
467 911 578 940 faciunt
604 922 665 941 non

205 958 283 985 fianh

163 1005 304 1033 LXVIII.
326 1004 371 1033 De
384 1005 513 1042 prosilito
529 1005 574 1033 De
585 1006 664 1034 Iura-

203 1057 303 1080 mento
324 1056 352 1079 et
370 1051 415 1080 De
436 1052 558 1080 camello
574 1058 600 1081 et
616 1062 664 1081 cu-

204 1099 257 1127 lice
273 1104 300 1127 et
315 1099 403 1127 calice
421 1104 448 1126 et
467 1099 563 1128 catino
581 1105 609 1127 et
629 1100 664 1128 de

204 1146 401 1174 monumentis
419 1146 558 1174 dealbatis
580 1151 607 1174 et
629 1147 664 1175 de

203 1192 402 1221 monumentis
418 1192 605 1229 profetarum.

162 1402 316 1430 LXVIIII.
336 1403 492 1431 Ierusalem
506 1403 661 1431 Ierusalem

202 1459 259 1487 que
274 1450 391 1478 occidas
407 1450 543 1487 profetas.

162 1683 254 1711 LXX.
277 1683 321 1711 De
337 1684 509 1720 pseodoxpo
525 1689 551 1712 et
566 1683 662 1720 proxi-

202 1735 299 1757 mante
325 1730 370 1758 die
395 1731 555 1758 nouissima
577 1735 604 1757 et
628 1730 662 1758 de

202 1777 341 1804 breuitate
362 1782 529 1813 temporum
545 1782 573 1804 et
588 1781 662 1805 *Peo-

202 1823 362 1860 doprofetis
389 1828 416 1850 et
439 1833 475 1851 ·x-
502 1823 663 1859 uirginibus

202 1876 230 1898 et
245 1870 281 1898 de
296 1870 430 1898 tallentis.

161 2057 270 2085 LXXI.
293 2057 337 2085 De
350 2057 550 2094 segregatione
563 2057 662 2084 ouium

200 2108 228 2132 et
243 2103 395 2132 hedorum.

192 2176 271 2199 LXV.
292 2180 319 2202 >
330 2184 391 2206 quae
408 2176 434 2199 di
450 2179 505 2198 sunt
521 2175 553 2197 do
565 2178 589 2198 et
601 2182 663 2205 quae

159 2214 215 2232 sunt
227 2209 340 2232 Caesaris
353 2208 452 2232 Caesari
466 2208 498 2231 G.

193 2241 285 2264 LXVI.
322 2249 395 2271 quem
434 2245 530 2271 septem
578 2240 663 2263 fratres

159 2274 297 2297 habuerunt
310 2282 409 2297 morem
423 2273 454 2296 G.
488 2278 511 2295 et
527 2272 663 2302 discipulos

161 2310 220 2337 (pro
237 2307 359 2337 farisseos)
379 2307 513 2336 interrogat
533 2305 564 2328 G.
599 2305 664 2328 filius

159 2344 190 2362 sit
204 2340 235 2362 G.

192 2371 298 2395 LXVII.
318 2373 383 2394 sed:
402 2374 424 2394 et
438 2371 498 2400 QPQ.

193 2405 312 2428 LXVIII.
325 2404 355 2427 de
364 2408 411 2434 pro
423 2406 451 2426 et
463 2407 520 2426 anlc
533 2404 619 2426 calice
630 2404 660 2425 (Ξ.

161 2439 280 2460 eatino÷
290 2437 397 2460 lauando
422 2436 452 2459 G.
487 2443 534 2458 om.
557 2438 585 2458 et
604 2438 662 2458 ante

160 2470 190 2493 de
203 2477 267 2492 mon.
281 2470 337 2499 GQ.

193 2502 326 2525 LXVIIII.
346 2500 461 2524 interficis
476 2501 561 2530 QPGQ.

194 2535 272 2558 LXX.
290 2543 336 2557 om.
352 2538 380 2557 et
393 2533 449 2563 GQ.
485 2534 623 2563 proximare
637 2533 659 2556 G

159 2568 189 2597 Q.
226 2567 274 2590 diei
286 2567 320 2589 ΞΡ.
345 2575 390 2589 om.
405 2570 434 2589 et·
444 2567 474 2596 Q.
499 2574 544 2589 om.
557 2567 590 2588 de
603 2569 660 2588 [mle

159 2601 299 2623 breuitate
314 2600 344 2622 G.
370 2599 404 2621 ad
415 2599 446 2622 de
458 2606 517 2627 tuam
530 2599 564 2621 et&
576 2598 660 2621 decem

159 2633 219 2663 uirg.
234 2633 280 2656 z'ur.
295 2632 365 2655 LXX
380 2632 407 2654 in
422 2632 452 2661 Q,
465 2631 576 2654 LXVIII
590 2631 617 2653 iaz
628 2632 658 2654 (j.

696 220 781 250 SEC
787 221 883 250 UND
890 222 961 249 Ufls
981 222 1047 250 MA
1058 223 1087 250 T
1087 222 1181 251 THE
1186 222 1256 250 HM
1255 245 1261 251 .

894 306 912 329 J
929 307 1041 336 (breues).

721 351 818 379 LIIII.
834 350 879 379 De
889 352 995 381 tributo
1006 352 1139 381 Caesaris
1150 352 1222 380 dan-

761 398 799 426 do
841 403 868 426 et
905 399 940 426 de
982 399 1102 427 muliere
1146 408 1220 437 quae

762 450 873 482 septem
888 446 966 474 uiros
981 445 1089 474 habuit.

720 678 781 706 LV.
806 678 849 706 De
884 679 1022 708 mandato
1060 679 1155 716 primo
1192 684 1220 707 et

760 726 889 754 secundo
926 732 954 754 et
990 727 1149 763 interrogat
1184 726 1219 754 de

760 772 876 801 Christo
891 773 972 801 cuius
987 773 1075 801 Filius
1091 773 1134 801 sit.

718 865 797 893 LVI.
821 866 878 893 Ubi
903 866 970 894 dicit
992 866 1168 903 Magistrum
1191 871 1219 894 et

759 912 873 940 Patrem
883 922 945 941 non
953 913 1123 941 uocandum
1133 922 1219 950 super

758 965 865 987 terram
889 965 917 988 et
943 960 979 989 de
1005 960 1162 997 hypocritis
1192 964 1220 988 et

759 1007 794 1034 de
810 1016 845 1034 eo
862 1007 911 1044 qui
926 1007 999 1035 iurat
1015 1007 1043 1034 in
1060 1007 1170 1044 templo
1192 1013 1219 1035 et

758 1053 846 1081 altare
870 1059 897 1081 et
922 1054 1041 1082 mentha
1062 1060 1089 1082 et
1113 1054 1219 1083 anetho

757 1105 785 1128 et
817 1100 906 1129 calice
943 1106 971 1129 et
1006 1101 1159 1138 parapside
1192 1107 1219 1130 et

758 1153 961 1176 monumenns.

716 1680 809 1707 LVII.
832 1680 876 1708 De
895 1681 1043 1708 structuris
1066 1681 1165 1717 templi
1185 1686 1213 1709 et

756 1727 837 1763 quod
850 1727 931 1754 multi
947 1728 1065 1755 uenient
1087 1727 1216 1755 dicentes

755 1783 810 1810 ego
846 1783 911 1801 sum
954 1773 1086 1802 Christus
1122 1779 1149 1801 et
1179 1775 1214 1802 de

755 1820 868 1857 praeliis
897 1826 924 1848 et
954 1821 989 1848 de
1017 1821 1216 1858 persecutione

756 1867 994 1896 Christianorum.

717 1914 824 1942 LVIII.
847 1914 891 1942 De
907 1915 1034 1942 aduentu
1046 1915 1214 1944 Antichristi

756 1967 783 1989 et
799 1961 980 1990 tribulatione
996 1962 1094 1989 multa.

716 2054 840 2082 LVIIII.
853 2054 911 2082 Ubi
926 2055 994 2082 dicit
1004 2054 1048 2082 De
1060 2055 1105 2082 die
1118 2060 1213 2083 autem

755 2101 802 2129 illa
824 2106 850 2128 et
869 2101 941 2130 hora
963 2110 1050 2129 nemo
1069 2101 1120 2129 scit
1137 2107 1164 2129 et
1176 2101 1212 2129 de

755 2157 840 2176 seruo
856 2148 932 2176 fideli
951 2153 979 2176 et
998 2148 1123 2185 neglego
1139 2157 1213 2185 quos

756 2195 903 2223 constituit
944 2204 1031 2232 supra
1073 2194 1212 2222 familiam

756 2250 846 2270 suam.

1505 307 1538 331 Κ.

1276 352 1386 380 LXIII.
1409 352 1454 380 De
1477 353 1667 390 inscriptione
1691 362 1774 381 num-

1315 400 1355 427 mi
1371 405 1397 427 et
1412 400 1539 437 imagine
1558 400 1693 428 caesaris.

1276 446 1401 474 LXIIII.
1427 446 1472 474 De
1501 451 1612 484 septem
1642 447 1775 475 fratribus

1315 494 1363 531 qui
1373 503 1462 521 unam
1473 503 1594 522 uxorem
1604 493 1774 522 habuerunt.

1273 727 1364 754 LXV.
1388 727 1554 764 Discipulos
1567 727 1726 765 interrogat
1738 728 1773 756 de

1313 777 1372 811 xpo
1388 775 1469 802 cuius
1484 774 1560 803 filius
1576 775 1619 802 sit.

1274 867 1381 895 LXVI.
1403 867 1462 896 Ubi
1491 868 1557 895 dicit
1586 868 1670 896 facite
1699 878 1773 905 quae

1313 915 1412 943 dicunt
1448 915 1591 951 pharisaei
1623 920 1650 943 et
1686 915 1773 943 nolite

1313 961 1407 989 facere
1437 971 1511 999 quae
1541 962 1652 990 faciunt
1680 968 1707 990 et
1736 972 1773 990 ne

1313 1009 1460 1036 uocemini
1493 1009 1624 1046 magistri
1660 1014 1687 1037 et
1723 1009 1773 1046 qui

1313 1055 1406 1083 maior
1422 1061 1464 1083 est
1480 1056 1515 1083 sit
1530 1056 1667 1084 minister.

1273 1102 1397 1130 LXVII.
1428 1102 1472 1130 De
1502 1103 1648 1140 proselyto
1677 1108 1705 1130 et
1738 1103 1773 1131 de

1313 1150 1476 1177 iuramento
1517 1149 1553 1178 de
1588 1150 1701 1178 camelo
1737 1150 1773 1178 de

1314 1197 1404 1225 culice
1434 1197 1469 1225 de
1497 1197 1587 1225 calice
1616 1202 1643 1224 et
1676 1197 1772 1225 catino

1314 1244 1472 1271 lauandum
1507 1244 1542 1272 de
1575 1244 1773 1272 monumentis

1313 1291 1452 1319 dealbatis
1516 1290 1551 1318 de
1614 1291 1772 1328 sepulchris

1312 1338 1527 1374 prophetarum.

1246 1395 1247 1404 ¹
1274 1391 1413 1419 LXVIII.
1435 1390 1481 1419 De
1502 1391 1673 1419 hierusalem
1692 1390 1772 1428 quod

1312 1438 1469 1475 prophetas
1484 1437 1598 1466 occidit.

1270 1672 1426 1701 LXVIIII.
1442 1672 1487 1700 De
1500 1673 1770 1700 destructionetem-

1310 1720 1349 1757 pli
1379 1720 1415 1748 de
1441 1719 1712 1757 pseudoprophetis,
1735 1719 1769 1747 de

1310 1767 1475 1795 nouissimis
1490 1767 1679 1803 temporibus.

1270 1908 1361 1936 LXX.
1385 1907 1429 1935 De
1452 1907 1632 1935 tribulatione
1659 1907 1769 1935 dierum

1309 1961 1336 1983 et
1352 1954 1431 1991 quod
1447 1954 1562 1991 signum
1578 1954 1727 1990 apparebit
1739 1954 1768 1981 in

1309 2002 1390 2029 caelo
1411 2001 1446 2029 de
1466 2002 1567 2039 arbore
1589 2001 1645 2028 ficu
1667 2000 1702 2028 de
1723 2000 1768 2028 die

1308 2054 1336 2076 et
1365 2048 1436 2076 hora
1465 2047 1543 2084 quod
1575 2056 1635 2075 non
1664 2047 1768 2075 sciatur

1308 2095 1343 2123 de
1359 2103 1442 2123 seruo
1458 2103 1545 2131 quem
1559 2094 1613 2122 dns
1624 2094 1767 2122 inuenerit

1309 2142 1348 2170 sic
1364 2141 1525 2169 facientem.
