2258 3157
447 242 463 263 k)

470 242 485 263 υ

707 315 813 339 AUVY.

485 364 592 392 seruire
623 372 678 391 nee
710 361 937 390 sollicitudinem
963 369 1048 389 escae

485 416 513 440 et
528 411 615 439 uestis
625 409 789 438 habendam
802 408 853 436 sed
864 417 987 445 regnum
1003 407 1048 435 dei

486 458 624 486 omnibus
647 455 869 494 praeferendum
885 455 978 489 docet,
994 463 1048 482 nec

485 505 592 533 debere
628 503 784 532 sollicitum
816 511 880 530 esse
910 502 939 529 in
972 510 1049 530 cras-

488 552 592 580 tinum.

447 599 530 627 XXI.
553 598 598 626 De
610 606 748 625 mensura
763 596 858 624 iudicii
875 595 982 629 dicens⁷
995 595 1050 623 fes-

488 652 571 674 tucae
581 645 628 673 uel
640 645 729 672 trabis
742 643 962 680 comparatione
974 642 1050 671 sacta

488 694 573 721 docet
589 693 668 730 prius
690 691 806 728 propria
828 695 856 719 et
872 695 937 727 post
958 690 1051 718 fratris

488 741 559 768 uitia
574 738 742 768 resecanda.

448 787 546 815 XXII.
571 786 711 815 Sanctum
747 785 869 813 canibus
898 784 1051 821 porcisque

489 844 550 863 non
565 833 694 862 dandum
718 832 769 860 sed
789 832 947 869 petendum
963 840 1051 868 quae-

488 881 612 909 rendum
628 880 846 917 pulsandumue
862 878 1002 916 praeficit.

450 975 562 1004 XXIII.
586 975 642 1003 Per
657 974 745 1002 latam
765 974 844 1002 uiam
867 973 981 1005 multos,
1001 982 1052 1009 per

490 1028 645 1059 angustam
659 1030 770 1058 paucos
792 1021 910 1049 introire
932 1024 1051 1047 testatur

490 1075 518 1098 et
533 1069 620 1098 falsos
635 1068 785 1097 canendos
800 1077 864 1096 esse
880 1067 1050 1104 prophetas3

491 1117 609 1146 nomine
620 1125 736 1154 quoque
748 1115 892 1143 fructuum
909 1115 1051 1142 bonarum

492 1169 521 1192 et
542 1163 687 1191 malarum
712 1163 850 1190 arborum
874 1161 960 1189 docet
984 1161 1050 1197 quia

491 1220 546 1239 nec
578 1210 688 1238 malum
724 1209 859 1237 uoluntas
891 1209 968 1236 bona
998 1216 1051 1235 nec

491 1259 604 1286 bonum
616 1265 691 1294 opus
703 1261 798 1293 potest
810 1255 903 1283 facere
916 1255 1051 1283 uoluntas

492 1305 577 1333 mala.

453 1352 582 1380 XXIIII.
606 1350 675 1379 Non
699 1354 837 1378 uocantes
867 1358 975 1377 nomen
1000 1349 1051 1376 do-

493 1399 565 1426 mini
587 1407 642 1426 nee
664 1398 783 1425 uirtutes
806 1397 833 1424 in
850 1397 912 1424 eius
934 1395 1052 1423 nomine

493 1446 630 1474 facientes
640 1445 692 1473 sed
704 1444 856 1481 implentes
872 1443 1051 1471 uoluntatem

494 1493 540 1521 dei
562 1493 666 1520 intrare
682 1491 750 1520 dicit
765 1491 794 1518 in
814 1499 936 1527 regnum
958 1489 1052 1518 caelo-

494 1549 558 1568 rum
581 1538 707 1567 adhibita
721 1538 939 1575 comparatione
955 1536 1053 1565 aedifi-

495 1588 586 1616 cantis
612 1586 734 1614 domum
761 1594 847 1622 super
869 1590 981 1622 petram
1007 1589 1055 1611 aut

495 1644 582 1672 super
596 1634 745 1662 harenam.
775 1627 780 1631 ⁴

456 1682 552 1710 XXV.
575 1681 739 1718 Leprosum
761 1679 930 1708 extensione
951 1687 1056 1706 manus

497 1739 531 1757 ac
547 1728 708 1766 prolatione
721 1727 801 1755 uerbi
812 1726 880 1754 uolo
896 1725 1056 1753 mundanit.

457 1776 569 1805 XXVI.
591 1775 777 1804 Centurionis
799 1782 923 1811 puerum
952 1781 1057 1800 curans

497 1823 617 1851 iudaeos
641 1822 677 1850 de
701 1831 792 1858 regno
816 1821 845 1849 in
871 1829 930 1857 quo
956 1824 1057 1857 gentes

498 1870 638 1908 promittit
663 1873 809 1901 uenturos,
833 1867 934 1895 asserit
960 1865 1057 1903 expel-

499 1917 610 1946 lendos.

459 1965 586 1994 XXVII.
613 1964 720 1992 Socrus
769 1962 842 1999 petri
896 1960 1059 1989 dominicae

499 2020 604 2040 manus
627 2015 705 2039 tactu
735 2014 836 2037 sanata
861 2009 1004 2036 ministrat
1032 2012 1060 2035 et

500 2059 582 2087 multi
598 2058 677 2086 uaria
692 2057 857 2085 infirmitate
874 2059 1018 2083 curantur.

926 229 1156 259 CAPITULA
1183 229 1242 257 JN
1261 227 1583 258 EUANGELJUM

1312 313 1342 336 C.

1122 369 1146 387 v.
1172 359 1234 387 Nec
1245 358 1434 396 cogitandum
1445 358 1479 386 de
1487 367 1554 386 esca

1224 405 1554 434 &uestimento-uolati-

1225 453 1300 481 libus
1326 458 1353 481 et
1382 452 1446 480 liliis
1469 452 1552 489 agri-

1224 506 1251 528 et
1267 499 1460 528 sollieitudine
1476 499 1540 527 diei.

1102 597 1161 624 VI.
1189 597 1267 623 Non
1295 602 1368 622 esse
1402 594 1554 622 iudican-

1226 644 1318 670 dum.

1153 691 1169 717 i.
1192 690 1237 717 De
1254 690 1356 717 fistuca
1370 694 1398 716 et
1414 689 1509 716 trabes
1524 688 1554 715 in

1226 736 1341 765 hoculo.

1148 785 1173 812 ii.
1196 784 1242 812 De
1282 783 1445 820 margaritis
1488 788 1554 810 ante

1228 840 1343 868 porcos.

1135 880 1172 907 iii.
1195 877 1356 906 Petendum
1374 876 1554 914 querendum

1228 930 1256 953 et
1271 925 1455 962 pulsandum.

1126 1068 1172 1095 iiii.
1196 1066 1241 1094 De
1257 1065 1527 1104 pseudoprophetis.

1147 1543 1172 1560 v.
1195 1533 1240 1561 De
1280 1533 1371 1562 domo
1408 1531 1559 1561 aedificata

1231 1590 1318 1618 super
1354 1586 1468 1618 petram
1512 1578 1558 1606 uel

1231 1637 1360 1656 arenam.

1108 1677 1187 1704 VII.
1195 1678 1411 1704 Descendens
1417 1677 1458 1703 de
1468 1682 1559 1702 mon-

1223 1725 1257 1751 te
1272 1725 1444 1757 leprosum
1454 1724 1560 1750 curat.

1159 1770 1174 1797 i.
1198 1770 1325 1797 Puerum
1383 1767 1560 1797 centurionis

1233 1817 1424 1854 paralyticum
1440 1820 1528 1844 curat.

1154 1958 1180 1985 ii.
1205 1957 1329 1985 Socrum
1346 1957 1422 1985 Petri
1444 1966 1459 1984 e
1476 1956 1561 1984 febri-

1234 2005 1289 2032 bus
1305 2005 1415 2032 liberat.

1653 310 1771 335 BHOJT
1783 318 1841 335 aur.
1853 311 1929 334 Harl.
1945 315 2015 341 2797.

1607 591 1659 620 VI.
1682 591 1751 619 Non
1777 600 1840 619 esse
1863 599 2057 628 praepropere

1648 638 1845 666 iudicandum.

1607 779 1651 808 De
1675 779 1838 816 margaritis
1863 783 1929 806 ante
1952 787 2059 815 porcos

1647 835 1708 854 non
1732 826 1880 854 mittendis
1901 825 2059 863 petendum

1649 873 1829 911 quarendum
1872 877 1900 901 et
1940 872 2059 910 pulsan—

1648 921 1727 948 dum.

1608 1062 1635 1089 A
1661 1060 1922 1098 pseudoprophetis
1951 1069 2059 1088 cauen-

1650 1109 1728 1136 dum.

1611 1344 1688 1379 Quia
1703 1353 1761 1372 non
1777 1352 1880 1371 omnes
1895 1343 1943 1380 qui
1963 1342 2061 1371 dicunt

1652 1391 1769 1420 domine
1781 1391 1898 1418 domine
1914 1390 2062 1418 intrabunt

1653 1439 1682 1466 in
1696 1447 1787 1475 regno
1803 1437 1958 1466 caelorum.

1612 1485 1657 1513 De
1686 1485 1776 1513 domo
1799 1485 1951 1513 aedificata
1974 1493 2062 1521 super

1653 1538 1764 1570 petram
1779 1532 1824 1560 uel
1840 1541 1966 1560 arenam.

1613 1675 1680 1703 VII.
1704 1674 1868 1711 Leprosum
1883 1673 2012 1701 mundat.

1613 1770 1739 1797 Puerum
1751 1768 1857 1796 tribuni
1872 1767 2063 1805 paralyticum

1654 1821 1744 1844 (Iurat.

1616 1957 1739 1985 Socrum
1754 1957 1827 1994 petri
1847 1966 1864 1984 a
1886 1956 2011 1983 febribus
2033 1954 2064 1982 li-

1655 2005 1744 2032 berat.

494 2139 580 2162 XXII.
598 2137 713 2169 praefigit
726 2137 782 2165 Uv,
795 2136 887 2167 praesit
904 2135 988 2158 leom.

493 2172 589 2195 XXVI.
608 2175 722 2194 uenturas
734 2170 757 2192 Y
775 2169 858 2192 lem.

493 2204 604 2228 XXVII.
619 2207 688 2226 sanat
701 2203 732 2227 U.
759 2201 894 2225 multifaria
909 2204 966 2231 <pro
979 2201 1062 2223 multi

462 2239 552 2267 uaria)
566 2237 589 2261 U
606 2237 691 2260 Thom.

1136 2138 1180 2161 VI.
1193 2145 1238 2161 un.
1246 2141 1301 2168 post
1310 2137 1563 2164 pseudoprophetis

1121 2177 1138 2194 -ι-
1147 2171 1205 2201 quia
1221 2178 1270 2193 non
1283 2170 1363 2193 omnis
1375 2170 1417 2200 qui
1429 2169 1489 2192 dicit
1503 2168 1563 2191 mihi

1115 2203 1214 2226 domine
1231 2203 1331 2226 domine
1349 2202 1449 2225 intrabit
1468 2202 1491 2225 in
1510 2210 1563 2232 reg-

1116 2244 1175 2259 num
1187 2236 1321 2259 caelorum.

1149 2268 1207 2291 VII.
1224 2272 1319 2292 curat:
1339 2268 1451 2291 mundat.

1648 2137 1693 2160 VI.
1711 2145 1758 2160 om.
1779 2143 1966 2164 praepropere
1987 2135 2066 2158 Harl.

1618 2175 1688 2200 2797.
1711 2177 1757 2193 om.
1768 2177 1827 2192 non
1838 2169 1983 2192 mittendis
1993 2168 2066 2191 ΒΗΘ

1617 2203 1694 2226 Harl.
1707 2208 1778 2233 2707.
1801 2203 1901 2225 dicunt
1910 2208 1926 2225 ψ
1935 2201 1996 2224 mihi
2008 2208 2067 2223 aur.

1617 2236 1753 2259 introibunt
1772 2235 1814 2258 ΒΘ
1833 2242 1891 2257 am'.
1926 2241 2028 2264 regnum
2047 2233 2067 2255 B

1617 2277 1674 2292 aur.

1651 2301 1709 2324 VII.
1726 2309 1772 2324 om.
1786 2307 1904 2328 puerum
1916 2300 2024 2322 tribuni
2038 2298 2068 2328 J;

1618 2334 1767 2358 centurionis
1775 2337 1823 2364 pro
1835 2333 1890 2356 trib.
1904 2340 1961 2355 aar.
