2209 3147
455 248 513 279 186

699 335 807 358 AHVV.

450 806 541 834 XLV.
565 806 741 834 Traditionis
763 814 796 833 ac
822 806 963 842 passionis
989 806 1049 834 eius

490 859 571 889 gesta
585 858 743 881 narrantur.

449 1182 557 1210 XLVI.
585 1181 814 1210 Resurrectionis
843 1182 902 1210 eius
931 1180 1049 1218 perinde

489 1229 613 1258 breuiter
640 1229 758 1257 ueritate
791 1233 948 1257 monstrata
977 1237 1048 1265 quo-

490 1276 611 1304 rundam
632 1275 816 1304 incredulitas
831 1275 987 1303 clementer
1005 1285 1049 1303 ar-

489 1324 585 1361 guitur
602 1328 629 1351 et
649 1323 780 1351 ascensio
801 1329 886 1359 atque
906 1332 923 1350 a
943 1323 1050 1351 dextris

490 1371 535 1398 dei
571 1370 720 1398 consessio
760 1370 805 1398 uel
845 1370 1050 1407 discipulorum

490 1417 667 1455 praedicatio
690 1417 779 1451 signis
800 1418 986 1454 sequentibus
1009 1418 1049 1444 in-

490 1464 607 1492 dicatur.

931 250 983 278 CA
992 249 1158 278 PITULA
1187 250 1245 279 IN
1266 250 1353 278 ΕΒΑ
1360 248 1587 279 NGELIUM

1207 335 1276 359 CoT
1290 335 1366 358 Harl.
1382 341 1392 357 2
1398 340 1453 365 797.

1146 475 1293 504 Hoblatio.

1144 523 1229 551 Petro
1265 522 1404 559 praedicit
1436 526 1556 557 negatu-

1183 578 1255 596 rum.

1143 717 1298 746 Orationes
1314 716 1410 745 Ihesu.

1143 764 1274 792 Traditio
1293 763 1382 791 Iudae
1398 763 1522 791 Iudaeis.

1103 813 1200 839 XIII.
1224 811 1400 844 Principes
1414 812 1555 838 interro-

1185 861 1265 892 gant
1273 859 1345 885 ihm
1355 860 1389 886 et
1401 860 1555 886 condem-

1184 908 1267 933 nant
1282 913 1387 933 aeum.

1144 953 1243 980 Petrus
1260 952 1341 980 tertio
1357 956 1451 989 negat.

1145 999 1194 1027 Ins
1209 999 1298 1036 pilato
1313 999 1440 1026 traditur.

1144 1046 1250 1074 Pilatus
1280 1046 1400 1074 dimisso
1430 1046 1556 1073 barabba

1184 1093 1250 1121 Ihm
1270 1093 1444 1130 flagellatum
1465 1093 1556 1121 cruci-

1184 1140 1332 1177 figendum
1348 1140 1439 1168 tradit.

1144 1187 1244 1216 Passio
1259 1187 1307 1215 ihu
1323 1192 1350 1215 et
1369 1187 1513 1224 sepultura
1529 1191 1556 1215 et

1184 1234 1354 1263 resurrectio
1363 1235 1423 1262 eius
1433 1244 1468 1262 ex
1479 1243 1555 1262 mor-

1185 1281 1238 1309 tuis
1273 1287 1338 1318 post
1373 1281 1555 1309 resurrectio-

1186 1338 1253 1356 nem
1279 1328 1417 1356 mandata
1440 1334 1467 1356 et
1491 1328 1554 1356 has-

1185 1376 1283 1403 censio
1297 1376 1377 1403 aeius
1392 1376 1420 1402 in
1436 1375 1530 1403 caelis.

1616 334 1633 357 J
1650 333 1753 363 (breues)
1767 332 1814 356 ΟΧ
1821 332 1881 356 Par.
1896 332 1950 356 Lat.
1968 333 2054 362 10438.

1609 807 1691 836 XIII.
1715 807 1857 837 Iudicium
1898 809 2062 846 principum

1650 864 1709 892 quo
1725 856 1922 884 condemnant
1938 857 1997 884 ihm

1609 1185 1707 1222 passio
1733 1185 1782 1214 ihu
1808 1191 1834 1214 et
1864 1186 2010 1224 sepultura
2033 1192 2060 1216 et

1649 1234 1817 1261 resurrectio
1831 1234 1901 1262 eius.

483 1571 574 1593 XLVI.
592 1579 637 1594 om.
651 1573 711 1594 eius
729 1571 812 1594 Tlmm.
842 1572 969 1595 concessio
983 1572 1016 1594 H.

483 1604 578 1626 Subscr.
599 1603 698 1635 explicit
716 1604 825 1634 capitula
843 1604 878 1633 H,
897 1605 997 1635 explicit
1015 1612 1050 1628 Se<

450 1636 555 1660 cundum
568 1644 676 1660 marcum
690 1637 727 1665 Y3
746 1637 816 1659 nihil
825 1637 894 1660 habet
907 1638 937 1661 A.

1103 1571 1231 1593 hoblatio
1239 1576 1257 1593 ψ
1265 1569 1306 1593 ihu
1319 1570 1350 1593 Θ,
1384 1571 1522 1597 praedicit
1530 1576 1547 1592 ÷

1103 1611 1128 1626 se
1140 1603 1162 1625 G)
1178 1603 1261 1625 Tliom.

1137 1635 1210 1659 XIII.
1231 1643 1278 1658 om.
1296 1643 1331 1658 ex
1351 1637 1470 1658 mortuis
1491 1638 1554 1662 post

1103 1670 1337 1692 resurrectionem
1357 1670 1387 1691 (e).
1423 1668 1453 1690 ad
1472 1668 1555 1691 caelos

1103 1702 1134 1725 Θ.

1136 1734 1233 1757 Subscr.
1246 1733 1346 1764 explicit
1354 1734 1466 1757 aelencus
1476 1734 1506 1763 C,
1514 1742 1554 1757 ex-

1103 1767 1205 1797 pliciunt
1219 1766 1326 1797 capitula
1338 1766 1512 1797 parabolarum
1522 1767 1553 1795 Θ,

1102 1799 1203 1831 explicit
1223 1799 1319 1822 clericus
1336 1799 1469 1822 secundum
1491 1808 1553 1823 mar—

1103 1841 1158 1855 cum
1172 1832 1201 1855 T.

1641 1573 1740 1597 Subscr.
1756 1573 1866 1597 Alleluia
1876 1582 1947 1598 amen
1957 1575 2059 1606 explicit

1609 1607 1689 1630 breuis
1701 1607 1834 1630 seeundum
1847 1615 1955 1631 marcum
1965 1609 1992 1637 J,
2001 1609 2059 1639 exp}

1608 1640 1718 1670 capitula
1737 1640 1813 1663 marei
1831 1640 1869 1666 O:
1890 1640 2058 1671 explicuerunt

1608 1673 1717 1703 capitula
1731 1673 1770 1696 ir'sc
1782 1673 1834 1703 ipse
1847 1672 1890 1695 lib.
1905 1673 1935 1696 X.
