2209 3147
375 255 435 285 724
1004 244 1245 273 EPJLOGFS.

371 346 404 372 et
426 341 456 371 in
480 341 592 371 Bibliis
614 341 691 372 anni
718 346 798 380 1555
823 339 967 380 (modica
991 350 1065 371 cum
1091 338 1264 381 uarietate)
1289 338 1454 377 intulerat,
1470 340 1587 369 eodem
1611 349 1699 369 anno
1725 345 1804 378 1555
1826 337 1876 381 (ut

371 404 398 423 e.
409 403 439 433 g.
464 404 522 434 per
547 392 760 433 Frellonium)
787 398 821 423 et
851 392 1063 431 sequentibus
1092 392 1122 421 in
1150 391 1351 421 editionibus
1378 391 1559 421 Bibliorum
1588 391 1817 428 adhibebatur,
1842 397 1875 422 et

370 451 439 475 tam
464 445 612 476 celeriter
636 445 666 474 in
690 454 785 474 usum
808 454 1017 474 communem
1040 449 1174 473 uenerat
1200 447 1235 473 ut
1263 443 1462 473 uariationes
1490 443 1531 473 ab
1560 454 1598 473 ea
1626 443 1874 473 incommodum

373 498 555 527 maximum
574 497 691 527 inferre
709 497 906 526 uiderentur.
955 496 1071 535 Itaque
1089 495 1120 524 in
1140 495 1359 531 Clementina,
1374 494 1548 525 Francisco
1563 495 1699 525 Torleto
1718 495 1845 525 editore
1857 494 1878 533 ¹,

372 550 413 579 ad
440 559 533 579 usum
559 548 794 588 Stephanicum
819 558 985 578 reuersum
1012 552 1070 577 est.

418 600 576 631 Defectus
602 606 633 630 et
660 610 784 630 errores
811 600 867 639 qui
896 600 926 629 in
956 599 1070 629 Bibliis
1098 598 1239 629 Sixtinis
1267 603 1428 637 apparent
1454 597 1647 638 plerumque
1676 597 1877 628 festinationi

371 662 485 682 eorum
513 652 703 683 tribuuntur
734 652 789 692 qui
819 651 1027 691 imprimendi
1056 660 1166 681 curam
1196 654 1340 688 agerent,
1365 655 1397 680 et
1423 649 1519 689 culpa
1547 650 1589 680 ab
1621 650 1801 680 editoribus
1833 650 1876 680 ad

372 704 600 744 typographos
631 709 664 734 et
695 704 888 743 typothetas
919 702 1078 732 translata
1110 707 1159 731 est
1173 701 1192 731 ².
1255 701 1366 731 Critici
1399 702 1498 731 etiarn
1531 702 1637 732 exteri
1670 702 1800 732 animos
1833 701 1875 731 ad

373 756 405 786 id
442 761 608 786 uerterunt
647 756 735 795 quod
776 755 857 785 miro
896 754 996 784 modo
1036 753 1255 783 correctiones
1293 753 1420 792 aliquot
1461 752 1567 783 factae
1609 759 1729 790 essent,
1768 753 1877 783 uerbis

373 808 571 847 quibusdam
600 808 777 847 separatim
804 808 835 837 in
862 807 1053 847 fragmentis
1086 811 1195 835 cartae
1224 805 1357 835 minutis
1382 806 1548 844 impressis
1575 810 1608 835 et
1634 815 1731 844 super
1754 815 1878 835 errores

372 859 598 900 adglutinatis.
654 859 688 890 Si
714 864 825 889 tamen
850 858 932 888 liber
957 857 1009 887 ille
1036 857 1219 888 accuratius
1248 857 1457 887 examinetur
1480 857 1573 897 signa
1602 857 1745 887 incuriae
1773 867 1877 897 pauca

373 911 599 947 inuenientur;
639 911 740 941 immo
771 909 927 949 singulari
955 919 1030 939 cum
1063 919 1140 939 cura
1171 913 1283 938 textus
1312 908 1494 938 Bibliorum
1529 909 1705 948 impressus
1737 909 1878 939 uidetur.

376 963 413 993 In
444 963 634 1002 Euangeliis
662 963 748 993 enim
783 972 883 992 unum
920 966 1050 992 tantum
1083 960 1219 991 uerbum
1253 961 1316 990 isto
1350 960 1449 990 modo
1482 966 1664 991 correctum
1699 961 1878 1000 reperimus

373 1015 454 1056 (Mc.
478 1026 509 1046 x.
531 1024 543 1044 Ι
572 1014 669 1054 inde),
694 1019 725 1045 et
754 1014 916 1044 rarissima
943 1013 1023 1053 preli
1053 1013 1131 1043 uitia
1159 1011 1229 1052 (Lc.
1254 1012 1321 1042 xvi.
1345 1020 1384 1042 20
1411 1012 1595 1042 vulceribus
1616 1017 1678 1051 pro
1704 1011 1877 1046 ulceribus,

374 1067 441 1098 loll.
471 1067 515 1097 xi.
541 1077 583 1108 34
613 1073 646 1098 et
676 1077 732 1097 sec.
767 1066 815 1096 bis
849 1065 1042 1105 repelilnm).
1098 1064 1246 1094 Thomas
1285 1065 1385 1094 etiam
1420 1064 1566 1103 james-³,
1603 1064 1878 1094 Bibliothecarius

375 1119 584 1156 Oxoniensis‚
611 1118 667 1159 qui
701 1119 780 1148 uitia
807 1117 995 1148 huiusmodi
1023 1127 1065 1146 ex
1092 1117 1262 1156 proposito
1286 1122 1319 1147 et
1344 1116 1410 1146 acri
1439 1126 1512 1145 cum
1549 1116 1656 1146 studio
1689 1116 1879 1155 quaerebat,

373 1172 527 1212 exempla
552 1170 645 1201 xxvii
670 1176 799 1201 tantum
824 1180 882 1209 per
904 1174 973 1199 tota
996 1168 1101 1199 Biblia
1127 1168 1313 1198 inueniebat
1341 1178 1480 1208 quorum
1503 1168 1569 1198 duo
1595 1167 1701 1197 solum
1726 1168 1756 1197 in
1781 1167 1880 1197 Nouo

374 1223 592 1254 Testamento
616 1227 797 1253 occurrunt.
845 1221 972 1252 Causae
997 1221 1096 1260 igitur
1120 1220 1201 1250 aliae
1225 1225 1317 1250 erant
1341 1230 1425 1259 quae
1451 1219 1654 1250 uoluntatem
1680 1220 1787 1258 operis
1812 1224 1878 1249 tam

376 1277 441 1306 cito
463 1275 542 1305 ‘sub
567 1275 718 1305 incudem
743 1273 935 1304 reuocandi’
955 1273 1169 1313 explicarent.
1218 1271 1392 1302 Probabile
1415 1272 1509 1302 nobis
1532 1272 1660 1302 uidetur
1682 1276 1880 1302 correctores

376 1337 409 1357 re
432 1327 615 1358 accuratius
639 1331 781 1357 tractata
805 1326 997 1356 obseruasse
1021 1335 1055 1354 se
1080 1325 1110 1354 in
1136 1334 1259 1354 errores
1283 1323 1408 1363 aliquot
1431 1323 1580 1353 incidisse
1603 1323 1654 1353 uel
1678 1324 1879 1362 optimorum

375 1389 493 1420 genere
520 1379 669 1409 codicum
696 1388 760 1408 non
784 1388 859 1408 usos
885 1387 964 1408 esse.
1023 1376 1146 1415 Opinio
1172 1376 1271 1406 etiam
1302 1376 1360 1405 uiri
1389 1375 1506 1405 eruditi
1535 1375 1715 1405 Eberhardi
1741 1374 1880 1405 Nestle⁴

375 1431 522 1462 nonnihil
547 1430 842 1461 uerisimilitudinis
866 1429 966 1459 habet
990 1434 1099 1468 patres
1124 1427 1300 1458 Societatis
1328 1427 1400 1457 Iesu
1433 1428 1464 1457 id
1490 1427 1596 1466 egisse
1621 1432 1656 1457 ut
1684 1426 1766 1457 liber
1790 1437 1880 1457 recu-

375 1484 516 1518 deretur,
533 1493 607 1513 cum
625 1481 839 1513 offensionem
862 1481 907 1511 eis
929 1480 1131 1519 praebuisset
1150 1479 1267 1510 sixtus
1281 1479 1312 1508 V
1332 1478 1521 1508 Bellarmini
1545 1479 1626 1508 libro
1643 1482 1649 1493 ⁵
1662 1478 1714 1509 De
1731 1479 1880 1509 dominio

377 1535 487 1575 Papae
504 1534 629 1565 directo
640 1534 646 1545 ¹
664 1534 695 1563 in
713 1533 857 1563 Iudicem
874 1532 1032 1562 librorum
1049 1531 1291 1571 proln'bitormn
1316 1531 1426 1561 relato.

419 1586 476 1617 Ab
508 1597 593 1617 anno
630 1596 707 1615 uero
743 1593 823 1625 1592
856 1594 921 1624 quo
954 1584 1055 1614 editio
1084 1583 1291 1614 Clementina
1326 1582 1390 1623 (ΕΒ)
1421 1583 1452 1612 in
1468 1582 1575 1612 lucem
1608 1582 1738 1622 prodiit,
1766 1587 1881 1613 textus

377 1642 553 1682 impressus
586 1641 643 1671 uix
677 1644 823 1670 mutatus
858 1644 916 1676 est,
944 1639 1003 1668 nisi
1035 1639 1123 1677 quod
1153 1637 1232 1677 preli
1266 1637 1345 1666 uitia
1377 1636 1470 1676 lapsu
1499 1637 1656 1675 temporis
1684 1647 1749 1666 non
1777 1647 1881 1676 pauca

378 1692 574 1733 irrepserint,
594 1697 626 1723 et
649 1692 802 1727 editores,
827 1696 861 1721 ut
883 1696 1023 1721 testatur
1041 1689 1178 1720 Carolus
1198 1688 1424 1725 Ue1·cellone⁵‚
1442 1699 1546 1729 paene
1568 1698 1682 1718 omnes
1702 1693 1777 1728 post
1800 1696 1881 1727 1592

378 1746 555 1775 innumeris
572 1745 602 1774 in
621 1744 700 1774 locis
718 1743 768 1773 uel
786 1742 1039 1782 interpungendi
1058 1741 1108 1771 uel
1127 1741 1287 1772 scribendi
1306 1741 1465 1770 rationem
1484 1751 1542 1779 pro
1560 1740 1653 1770 libitu
1671 1741 1882 1770 immutarint.

379 1797 463 1827 Item
481 1807 567 1826 anno
584 1802 663 1835 1592
682 1795 746 1826 iam
765 1799 830 1825 tres
847 1795 1004 1824 editiones
1022 1804 1064 1824 ex
1082 1793 1303 1833 typographia
1317 1792 1482 1822 Uaticana
1500 1792 1587 1821 iussu
1602 1791 1781 1822 Clementis
1793 1792 1882 1822 VIII

378 1849 570 1889 prodierunt
587 1857 670 1887 quae
692 1846 838 1877 nonnihil
859 1846 941 1876 inter
958 1856 992 1876 se
1014 1846 1162 1876 diuersae
1182 1844 1311 1874 fuerunt
1326 1854 1332 1881 ;
1356 1854 1399 1874 ex
1415 1844 1534 1883 quibus
1551 1843 1675 1874 iudicat
1689 1844 1884 1874 Uercellone

378 1900 574 1930 ‘editionem
617 1899 797 1938 principem
842 1898 974 1937 reliquis
1016 1897 1294 1936 praehabendam,
1333 1896 1548 1934 eiusdemque
1589 1895 1778 1934 exemplum
1824 1906 1884 1936 pro

378 1952 559 1991 archetypo
592 1951 832 1981 adsumendum
865 1955 964 1989 atque
994 1949 1087 1979 unice
1115 1948 1367 1989 exprimendum
1395 1957 1475 1984 esse,
1503 1948 1623 1977 demtis
1647 1952 1756 1977 tamen
1784 1952 1883 1987 typo-

378 2003 495 2043 graphi
513 2003 640 2033 mendis
657 2001 836 2041 accitisque
853 2001 965 2040 paucis
984 2001 1045 2032 illis
1068 2000 1264 2031 lectionibus
1281 2009 1364 2039 quae
1382 1999 1558 2029 nouissime
1576 1998 1723 2038 ingestae
1739 1998 1884 2029 fuerant)

382 2056 456 2086 Hoc
481 2055 592 2095 itaque
616 2064 675 2093 pro
701 2053 914 2083 fundamento
942 2064 1018 2083 suae
1043 2062 1148 2083 nouae
1174 2051 1328 2082 editionis
1353 2052 1455 2091 ponit,
1478 2050 1600 2081 tabella
1624 2051 1654 2080 in
1681 2050 1884 2090 praefatione

379 2108 550 2138 subiuncta
567 2106 617 2135 ‘in
634 2116 698 2145 qua
715 2105 826 2135 omnia
847 2104 917 2135 loca
941 2105 1146 2140 exhibentur,
1164 2104 1195 2134 in
1218 2103 1355 2143 quibus,⁷
1374 2107 1408 2132 ut
1428 2103 1518 2139 dicit,
1535 2105 1541 2117 ‘
1553 2107 1642 2133 ratus
1659 2112 1730 2132 sum
1749 2103 1883 2141 aliquod

380 2166 537 2199 typorum
555 2157 670 2188 uitium
688 2158 718 2187 in
736 2157 871 2188 laudata
889 2157 1050 2187 Uaticana
1067 2157 1209 2187 editione
1228 2154 1374 2186 latitare.'

415 2322 423 2337 ¹
442 2321 506 2346 Uide
519 2320 623 2344 Paulum
637 2320 714 2344 Fabre
729 2320 766 2343 La
779 2319 951 2350 Bihlz'othstque
970 2319 1085 2343 [misane

382 2369 407 2393 p.
420 2360 461 2389 60,
475 2360 575 2384 Parisiis
590 2360 659 2390 1895.

415 2401 424 2414 ²
442 2400 505 2424 Uide
518 2399 702 2430 Ριάιζίαῑίσιιέυι
716 2399 751 2421 ad
761 2399 877 2422 leam-em.

415 2439 423 2453 ³
442 2439 506 2463 Uide
523 2438 613 2461 librum
628 2438 679 2461 eius
695 2437 788 2461 dictum
806 2437 906 2460 Bellum
924 2437 1017 2468 Papale
1033 2436 1086 2459 siuc

385 2478 519 2502 Concoaedia
543 2477 632 2500 discors
655 2480 711 2505 etc„
735 2476 841 2499 Londini
866 2476 936 2504 1600,
960 2480 984 2499 et
1007 2476 1032 2498 in
1056 2483 1086 2498 eo

384 2517 493 2540 Iudicem
513 2517 636 2539 Locorum
658 2523 732 2539 manu
752 2515 828 2546 ipsius
846 2515 917 2538 Sixti
937 2515 1030 2544 Quinti
1048 2515 1089 2537 uel

383 2556 492 2579 aliorum
511 2559 567 2586 post
591 2555 736 2586 impressum
759 2557 919 2577 correctazmn
930 2562 940 2582 ;
963 2554 1004 2584 qui
1025 2553 1087 2577 liber

384 2594 527 2626 paginarum
549 2594 656 2617 numeris
678 2597 752 2617 caret.
795 2593 857 2619 Nos,
880 2592 966 2616 Bibliis
986 2592 1087 2616 Sixtinis

383 2638 406 2657 et
431 2634 455 2656 in
479 2634 554 2656 ueteri
576 2638 598 2655 et
623 2634 646 2655 in
672 2641 737 2655 nouo
757 2633 916 2655 Testamento
938 2632 1024 2655 iterum
1045 2640 1087 2654 ex-

1183 2318 1305 2345 aminatis,
1327 2325 1375 2340 non
1403 2317 1457 2348 plus
1482 2315 1613 2339 duodecim
1639 2316 1707 2339 locos
1734 2315 1771 2339 his
1796 2315 1885 2339 addere

1184 2357 1323 2388 potuimus;
1342 2355 1372 2386 cf.
1384 2364 1429 2379 van
1441 2357 1485 2379 Ess
1498 2355 1579 2379 Gcsclz.
1590 2355 1612 2378 d.
1631 2355 1700 2385 l'ulg.
1712 2363 1752 2386 pp.
1764 2361 1886 2385 331—335.

1216 2396 1223 2408 ⁰
1242 2396 1297 2419 Et'n
1307 2395 1444 2427 Julrz'laum
1463 2395 1507 2417 der
1525 2393 1698 2417 Laleim‘ssken
1716 2394 1790 2417 Bihel
1806 2402 1830 2425 p.
1847 2400 1883 2425 17,

1184 2434 1315 2465 Tiibingen
1333 2435 1401 2464 1892.

1217 2474 1226 2487 ⁵
1251 2473 1331 2496 Biblia
1355 2474 1429 2496 Sacra
1454 2472 1578 2502 Uulgatae
1599 2471 1721 2494 Editionis
1742 2471 1804 2494 Sixti
1821 2471 1843 2494 V
1862 2475 1886 2495 et

1185 2512 1320 2536 Clementis
1332 2512 1395 2534 VIII
1410 2512 1490 2535 Pontt.
1501 2511 1584 2534 Maxx.
1595 2510 1660 2533 iussu
1674 2510 1800 2540 recognita
1812 2513 1885 2540 atque

1185 2551 1259 2575 edita.
1296 2551 1397 2579 Romae,
1411 2551 1487 2581 Typis
1500 2550 1523 2573 S.
1536 2549 1741 2580 Congregationis
1754 2549 1783 2572 de
1797 2556 1886 2579 propa-

1185 2590 1266 2622 ganda
1280 2589 1335 2618 fide,
1345 2598 1410 2612 anno
1424 2595 1566 2613 MDCCCLXI
1578 2588 1667 2619 [edidit
1676 2588 1704 2611 C.
1715 2587 1887 2618 Uercellone];

1186 2630 1242 2653 uide
1256 2629 1432 2660 praefationem
1447 2629 1477 2651 ad
1491 2628 1608 2651 lectorem
1622 2635 1661 2658 pp.
1677 2627 1703 2650 iii
1715 2634 1781 2657 seqq.
