2209 3147
412 237 470 275 708
1042 237 1151 265 EPJJ.
1159 237 1215 266 OG
1222 237 1281 267 (fs.

456 332 508 362 De
525 332 646 363 codicis
664 332 887 363 Beneuentani
904 330 971 373 (ΕΡ)
987 332 1113 372 origine
1136 338 1169 364 et
1190 333 1388 373 antiquitate
1411 334 1475 364 iam
1501 344 1598 374 supra
1621 334 1767 366 diximus
1789 333 1834 376 (p.
1851 336 1914 375 672

408 384 448 415 de
484 385 577 415 nouis
609 383 864 426 additamentis).
921 383 1039 415 Codex
1076 385 1216 421 uidetur,
1249 390 1284 416 ut
1322 386 1445 416 iudicat
1481 385 1515 417 S.
1545 386 1670 426 Berger
1700 386 1744 427 (p.
1768 390 1832 427 92),
1864 387 1915 418 cui

409 435 607 476 suffragatur
628 435 680 467 W.
704 435 842 475 Sanday
864 435 947 477 (The
973 435 1146 467 Gnardian
1172 437 1289 475 Lond.‚
1309 437 1398 477 Aug.
1417 447 1445 477 9,
1465 438 1558 478 1893,
1576 449 1606 478 p.
1623 437 1728 480 1257),
1752 440 1783 469 in
1808 438 1917 470 Gallia

409 489 548 528 scriptus
583 487 713 518 saeculo
747 493 865 518 octauo
901 488 953 518 uel
985 498 1082 524 nono,
1107 493 1140 518 et
1167 494 1283 529 postea
1312 489 1344 519 in
1373 489 1506 520 Italiam
1534 490 1730 526 translatu53
1771 495 1804 521 et
1830 496 1917 521 recte

411 545 602 570 numeratur
618 540 702 570 inter
719 550 774 570 eos
791 544 904 571 textus
921 550 1003 580 quos
1022 540 1304 572 Hiberno-Gallos
1322 541 1491 572 nominare
1509 541 1584 572 licet
1602 552 1742 582 quorum
1757 541 1875 572 Codex
1891 542 1917 572 B

410 601 508 631 supra
525 591 708 631 descriptus
726 602 785 631 pro
807 591 963 631 exemplo
986 596 1046 622 est.

456 643 541 673 Item
567 644 598 673 in
627 643 744 674 eadem
771 643 895 674 familia
923 643 1087 674 numerari
1116 649 1226 683 potest
1251 643 1369 674 Codex
1393 649 1505 674 noster
1528 643 1822 684 Sangermanensis
1848 644 1918 687 (qui

403 706 442 736 gl
460 695 491 725 in
507 695 668 732 Mattheo‚
686 700 717 725 et
734 695 763 726 G
780 695 811 725 in
830 696 944 726 ceteris
963 695 1155 736 Euangeliis
1172 695 1402 736 nuncupatur),
1417 696 1570 735 quamuis
1588 696 1692 727 multa
1709 697 1770 728 sibi
1788 697 1918 738 propria

411 748 588 787 possideat.
651 747 760 778 Prima
793 748 929 786 quidem
962 753 1056 788 parte
1090 748 1211 778 saeculi
1241 755 1280 777 IX
1309 747 1341 777 in
1368 747 1475 778 Gallia
1507 748 1711 779 meridionali
1745 755 1778 779 et
1809 749 1918 779 forsan

410 809 513 839 prope
531 799 732 840 Lugdunum
757 799 898 840 scriptus
921 800 1073 837 uidetur;
1104 800 1181 830 uide
1205 810 1288 839 quae
1313 800 1355 830 de
1382 800 1505 840 origine
1530 799 1626 830 huius
1650 801 1772 831 codicis
1795 801 1920 841 optime

410 851 574 890 congessit
592 851 723 890 Berger‚
740 861 795 891 pp.
814 852 931 889 65-72.

455 903 507 933 De
531 903 699 933 codicibus
725 903 914 943 Hispanicis
938 903 1079 934 Cauensi
1102 902 1158 944 (C)
1183 909 1215 934 et
1240 903 1404 934 Toletano
1427 902 1493 944 (T),
1525 904 1618 944 plura
1651 905 1682 934 in
1713 904 1920 944 praefatione

410 955 475 985 iam
500 955 587 985 dicta
609 960 684 985 sunt
703 953 769 996 (pp.
783 955 827 990 xi,
845 954 933 997 xiii);
963 955 1122 986 Cauensis
1146 955 1277 986 saeculo
1305 963 1343 985 IX
1366 956 1560 986 tribuendus
1582 962 1632 987 est
1654 961 1686 987 et
1706 956 1738 986 in
1757 956 1920 996 Hispania

410 1007 659 1046 septentrionali
691 1007 742 1038 uel
774 1008 1023 1044 mediterranea,
1052 1008 1168 1038 litteris
1198 1008 1415 1047 Uisigothicis
1452 1008 1648 1048 perpulchre
1684 1013 1840 1039 exaratus
1871 1013 1920 1039 est

409 1070 429 1089 a
447 1059 566 1089 Danila
585 1059 762 1099 scriptore3
787 1059 970 1090 Toletanus
990 1060 1098 1090 eidem
1118 1059 1249 1090 saeculo
1266 1060 1454 1090 attribuitur
1477 1058 1556 1100 (non
1575 1060 1706 1091 saeculo
1724 1067 1747 1090 X
1769 1065 1804 1091 ut
1823 1065 1921 1091 antea

410 1111 635 1141 scribebamus
661 1111 692 1141 in
717 1111 927 1151 praefatione,
946 1122 975 1151 p.
994 1111 1067 1151 xiii)
1092 1117 1125 1142 et
1148 1111 1208 1142 fuit
1232 1112 1310 1141 olim
1338 1112 1554 1151 Hispalensis.
1601 1111 1716 1143 Ambo
1738 1112 1921 1142 pandectae

411 1168 487 1193 sunt
524 1168 556 1194 et
592 1173 691 1194 unam
725 1168 840 1194 textus
872 1163 1032 1194 familiam
1065 1163 1118 1194 uel
1153 1164 1264 1204 potius
1296 1164 1518 1194 recensionem
1557 1164 1724 1194 exhibent.
1783 1164 1835 1194 De
1871 1164 1921 1194 his

410 1214 590 1251 codicibus,
614 1219 744 1254 praeter
771 1225 808 1245 ea
836 1225 921 1255 quae
949 1216 980 1245 in
1009 1215 1212 1256 praefatione
1241 1215 1400 1251 diximus,
1423 1215 1498 1245 uide
1523 1221 1555 1246 et
1578 1216 1709 1256 Berger,
1731 1227 1785 1257 pp.
1807 1225 1920 1255 12—15‚

411 1272 444 1298 et
479 1266 519 1297 G.
545 1266 696 1306 Schepps
728 1267 942 1297 Prz'scillz'am'
970 1277 1050 1306 quae
1074 1272 1246 1306 supersunt
1276 1265 1413 1307 (Corpus
1443 1278 1505 1298 scr.
1537 1267 1604 1298 eccl.
1637 1267 1695 1298 lat.
1727 1273 1806 1298 tom.
1833 1268 1922 1305 xviii,

412 1319 645 1356 Uindobonae,
680 1317 786 1358 1889),
817 1329 872 1358 pp.
904 1319 1123 1348 xxx—xxxiii.
1186 1318 1238 1348 De
1276 1319 1372 1349 huius
1412 1320 1610 1350 recensionis
1649 1320 1775 1350 editore
1813 1320 1921 1360 primo

374 1372 377 1373 ⁷
410 1370 703 1401 commemoranda
731 1376 780 1401 est
807 1376 896 1401 certe
923 1371 1111 1401 coniectura
1139 1371 1282 1410 Bergeri,
1308 1372 1363 1410 qui
1393 1371 1613 1412 Scheppsium
1641 1377 1781 1407 secutus,
1806 1372 1921 1402 ‘Pere-

410 1422 540 1462 grinum
558 1421 768 1463 episcopum‚’
788 1432 952 1453 canonum
971 1422 1163 1453 Priscilliani
1182 1423 1439 1460 emendatorem,
1457 1433 1532 1453 cum
1550 1423 1723 1454 Bachiario
1740 1429 1923 1463 exaequat3

410 1475 502 1504 cuius
525 1474 583 1504 uiri
609 1473 766 1513 opuscula
790 1475 877 1514 apud
903 1473 1115 1504 Gallandium
1139 1474 1236 1515 (Bibl.
1260 1474 1329 1504 Uet.
1348 1475 1445 1505 Falr.
1462 1480 1542 1505 tom.
1560 1473 1610 1516 ix)
1630 1480 1661 1505 et
1680 1475 1794 1514 Migne
1811 1474 1865 1516 (P.
1882 1476 1922 1505 L.

411 1531 492 1556 tom.
509 1524 574 1566 xx)
591 1526 679 1556 edita
700 1530 786 1556 sunt.
835 1525 900 1556 Hic
925 1526 1012 1556 enim
1035 1526 1176 1561 ineunte,
1194 1531 1228 1556 ut
1248 1527 1398 1562 creditur,
1416 1526 1546 1557 saeculo
1564 1534 1586 1557 V
1602 1529 1609 1542 ⁶
1623 1527 1922 1567 peregrinationem

409 1583 544 1617 propter
561 1577 818 1608 conseruandam
839 1578 926 1608 uitae
949 1578 1175 1618 integritatem
1198 1576 1317 1617 elegit‚’
1336 1584 1371 1609 ut
1388 1579 1434 1609 ait
1452 1578 1644 1609 Gennadius
1662 1578 1712 1620 (de
1727 1580 1835 1619 scrzjfil.
1853 1579 1923 1609 eccl-

410 1629 515 1670 xxiv)‚
533 1635 566 1660 et
589 1629 720 1659 Romae
744 1628 934 1669 apologiam
959 1640 1018 1669 pro
1043 1629 1108 1660 fide
1133 1629 1284 1660 Pontifici
1310 1630 1398 1660 urbis
1422 1630 1551 1667 obtulit,
1578 1632 1610 1661 in
1634 1641 1699 1671 qua
1723 1631 1765 1661 de
1789 1631 1923 1661 nomine

411 1681 535 1721 patriae
558 1691 637 1711 suae
659 1680 742 1716 silet,
762 1681 818 1711 sed
842 1691 967 1711 errores
991 1680 1180 1712 Priscilliani
1205 1681 1369 1713 erroribus
1393 1682 1518 1713 similes
1542 1683 1734 1713 detestatur.
1781 1682 1815 1712 A
1834 1682 1923 1712 nullo

411 1739 523 1764 tamen
548 1738 681 1763 auctore
705 1737 867 1773 quantum
893 1733 1025 1769 scimus,
1049 1733 1224 1773 episcopus
1248 1734 1378 1770 dicitur,
1403 1734 1460 1764 sed
1491 1734 1683 1764 monachus.
1738 1734 1783 1764 Et
1811 1745 1923 1765 uersus

412 1785 512 1815 finem
537 1784 685 1825 opusculi
710 1785 768 1821 sui⁷
791 1795 876 1824 quae
891 1785 1060 1825 professio
1077 1784 1164 1825 fidei
1187 1791 1403 1826 nuncupatur.
1425 1786 1652 1817 sacerdotibus
1676 1792 1708 1817 et
1732 1787 1924 1817 doctoribus

413 1838 486 1877 ‘qui
503 1842 579 1867 sunt
596 1836 705 1877 capita
722 1837 835 1877 populi
853 1842 886 1867 et
903 1837 1076 1867 columnae
1094 1837 1305 1867 ecclesiarum
1319 1837 1324 1846 ⁷
1339 1838 1570 1878 obtemperare
1588 1848 1622 1868 se
1639 1838 1724 1869 uelle
1742 1838 1922 1878 profitetur.

414 1889 510 1929 Quae
526 1899 601 1919 cum
620 1889 812 1929 episcopatu
832 1889 993 1920 Bachiarii
1011 1890 1067 1920 uix
1085 1889 1250 1920 conciliari
1270 1895 1419 1929 possunt.
1467 1890 1605 1930 (Migne,
1622 1890 1642 1920 l.
1656 1901 1691 1928 c.,
1708 1890 1768 1922 col.
1787 1890 1893 1931 1035.)

754 2110 782 2141 3.
824 2101 880 2132 DE
907 2108 1045 2132 INDOLE
1070 2108 1239 2133 CODICUM
1268 2108 1408 2132 PRIMAE
1434 2109 1587 2132 CLASSIS.

459 2199 475 2240 ξ
503 2209 526 2230 1.
562 2198 690 2231 Codices
720 2199 1077 2232 Italo-Nortlmmbrici
1108 2200 1331 2241 AAfflffssY.
1394 2201 1491 2231 Hanc
1517 2201 1674 2232 familiam
1707 2211 1767 2241 pro
1798 2201 1924 2241 optima

415 2251 585 2288 habemus,
618 2257 650 2282 et
682 2252 813 2292 saepius
844 2262 943 2292 quam
976 2252 1056 2283 alias
1088 2253 1265 2293 sequimur.
1322 2252 1482 2283 Rationes
1519 2253 1606 2283 enim
1643 2258 1718 2284 sunt
1752 2253 1925 2293 praecipue

416 2303 502 2334 duae
533 2303 585 2334 ue]
618 2309 684 2334 tres
715 2313 799 2343 quae
827 2313 885 2333 nos
916 2304 956 2334 ad
985 2304 1069 2334 hanc
1101 2305 1298 2335 sententiam
1330 2305 1544 2335 adduxerunt
1578 2315 1660 2344 quas
1691 2304 1773 2335 infra
1798 2304 1925 2344 plenius

416 2355 632 2385 tractabimus
656 2354 725 2395 (pp.
747 2354 920 2396 726—732).
969 2356 1034 2387 Hic
1057 2367 1135 2387 uero
1158 2357 1237 2388 satis
1260 2361 1308 2387 est
1331 2357 1448 2394 dicere,
1464 2357 1575 2396 primo
1597 2357 1657 2387 hos
1679 2357 1808 2387 codices
1833 2366 1924 2396 prae-

417 2407 529 2437 sertim
555 2417 629 2438 cum
658 2406 791 2437 Graecis
824 2406 886 2437 illis
914 2409 1121 2446 concordare,
1149 2418 1231 2448 quos
1259 2409 1300 2438 ab
1331 2408 1537 2448 Hieronymo
1569 2409 1684 2439 ceteris
1714 2408 1925 2448 praehabitos

418 2458 516 2489 fuisse
548 2468 760 2495 censeamu53
797 2459 930 2489 secundo
966 2470 1021 2490 eos
1054 2459 1120 2490 fere
1158 2461 1321 2491 immunes
1358 2470 1428 2490 esse
1460 2461 1502 2490 ab
1533 2461 1767 2491 additamentis
1798 2459 1850 2490 uel
1881 2469 1925 2489 ex

420 2515 567 2540 ueterum
599 2510 793 2540 Latinorum
820 2511 1145 2550 interpretationibus
1169 2512 1221 2542 uel
1244 2511 1433 2551 explicandi
1458 2513 1563 2552 gratia
1584 2512 1806 2552 interpolatis;
1833 2511 1926 2541 tertio

419 2567 533 2592 notam
573 2562 740 2601 quandam
781 2563 927 2593 ueritatis
966 2568 997 2593 et
1037 2564 1234 2605 integritatis
1274 2564 1315 2594 ab
1351 2564 1397 2593 eis
1436 2563 1594 2600 exhiberi,
1630 2574 1714 2603 quae
1754 2563 1853 2594 etiam
1893 2563 1925 2592 in

419 2614 581 2644 erroribus
605 2614 744 2654 perspici
771 2614 882 2653 possit.
