2209 3147
518 240 577 277 146
796 238 1118 268 EUANGELIUM
1136 237 1399 267 SECUNDUM
1416 237 1482 267 MA
1492 237 1695 267 TTHEUM.
1736 234 2028 279 [XX1V.49—XXV.8.

517 336 644 356 moram
661 324 737 355 facit
753 325 908 355 dominus
925 335 1018 355 meus
1035 324 1145 355 uenire

480 371 506 390 ⁶⁰
517 383 549 408 et
567 377 711 417 coeperit
728 381 897 416 percutere
913 386 1087 407 conseruos
1103 386 1180 406 suos

518 430 695 460 manducet
711 433 822 458 autern
840 433 873 458 et
889 428 981 458 bibat
999 438 1074 458 curn
1091 428 1188 458 ebriis

480 479 505 498 ⁵¹
518 481 626 511 ueniet
642 481 795 511 dominus
812 480 896 510 serui
916 479 1002 510 illius

584 533 616 563 in
634 532 687 562 die
705 542 770 572 qua
788 542 853 562 non
869 537 979 571 sperat
1001 536 1033 562 et
1052 531 1133 563 hora
1154 542 1218 572 qua

585 585 713 624 ignorat

482 633 507 651 ⁵²
519 641 551 667 et
569 637 696 667 diuidet
713 646 789 666 eurn

519 693 714 728 partemque
729 687 799 718 eius
816 692 915 727 ponet
933 697 1007 718 cum
1023 686 1206 728 hypocritis

519 739 584 770 illic
601 740 661 770 erit
678 739 774 770 fletus
791 744 823 770 et
839 740 961 770 stridor
976 740 1132 770 dentium.

479 792 588 822 XXV.
604 790 663 814 (²⁰⁸¹
679 790 714 813 1⁰)
743 791 836 821 Tunc
863 791 970 822 simile
995 792 1055 822 erit
1084 802 1220 832 regnum

564 843 730 875 caelorum
747 843 861 874 decem
879 844 1059 883 uirginibus

521 906 605 936 quae
622 896 818 935 accipientes
835 895 1004 935 lampades
1021 906 1096 927 suas

520 948 672 979 exierunt
691 947 825 978 obuiam
842 957 962 986 sponso
980 953 1012 979 et
1029 958 1169 987 sponsae

500 1000 668 1040 2quinque
684 1004 796 1030 autem
812 1009 855 1029 ex
872 1000 916 1030 eis
933 1005 1023 1030 erant
1040 1000 1149 1030 fatuae

522 1057 554 1083 et
571 1053 714 1092 quinque
730 1052 908 1092 prudentes

1303 322 1382 354 3sed
1399 323 1544 363 quinque
1567 323 1675 354 fatuae
1697 323 1842 363 acceptis
1866 323 2026 363 lampadi-

1369 376 1430 406 bus

1326 438 1390 458 non
1408 432 1593 458 sumserunt
1609 427 1718 457 oleum
1735 437 1845 457 secum

1302 479 1315 497 4
1326 481 1504 520 prudentes
1529 490 1606 510 uero
1631 485 1826 520 acceperunt
1855 479 1964 510 oleum
1996 480 2028 510 in

1371 533 1456 562 uasis
1472 532 1538 562 suis
1554 542 1629 562 cum
1646 531 1854 571 lampadibus

1305 588 1317 606 ⁵
1328 594 1454 615 moram
1472 589 1583 614 autem
1600 583 1736 614 faciente
1753 593 1875 623 sponso

1328 636 1591 667 dormitauerunt
1608 646 1723 666 omnes
1740 641 1772 666 et
1789 635 1991 666 dormierunt

1307 689 1318 707 ⁶
1330 688 1438 718 media
1453 693 1565 718 autem
1582 693 1677 718 nocte
1694 687 1817 718 clamor
1834 687 1939 718 factus
1955 692 2004 717 est

1329 750 1404 770 ecce
1420 749 1560 779 sponsus
1578 739 1668 769 uenit

1329 792 1419 823 exite
1436 791 1571 822 obuiam
1587 791 1616 821 ei

1307 838 1406 874 ⁷tunc
1424 848 1634 873 surrexerunt
1652 853 1766 873 omnes
1786 842 1927 883 uirgines
1944 842 2019 873 illae

1330 900 1363 926 et
1379 899 1579 926 ornauerunt
1596 894 1767 934 lampades
1783 905 1858 925 suas

1309 947 1320 964 Β
1331 948 1440 978 fatuae
1456 952 1566 977 autem
1584 946 1785 986 sapientibus
1802 947 1958 977 dixerunt

1330 1001 1408 1031 date
1425 1000 1519 1030 nobis
1536 1000 1577 1030 de
1595 999 1669 1029 oleo
1686 1004 1797 1029 uestro

1330 1053 1407 1092 quia
1423 1052 1594 1092 lampades
1610 1056 1740 1081 nostrae
1756 1051 1974 1091 extinguntur

524 1163 623 1182 seruus
640 1153 685 1182 ille
702 1154 731 1181 in
747 1154 836 1182 corde
853 1163 914 1182 suo.
944 1163 1058 1182 moram
1074 1153 1141 1182 facit
1157 1154 1293 1183 dominus
1308 1164 1390 1183 meus
1406 1155 1513 1183 uenire.
1543 1154 1565 1169 ⁵⁰
1575 1159 1602 1182 et
1618 1154 1736 1191 incipiet
1752 1159 1900 1191 percutere
1916 1163 2032 1182 conser-

523 1210 578 1229 uos
594 1210 671 1229 suos.
701 1201 857 1238 mandycet
878 1206 974 1229 autern
996 1207 1024 1229 et
1042 1201 1120 1229 bibat
1141 1210 1208 1229 cum
1227 1202 1356 1231 ebriosis.
1386 1201 1406 1217 ⁵¹
1416 1202 1514 1230 ueniet
1535 1202 1672 1230 dominus
1688 1203 1762 1230 serui
1779 1202 1853 1230 illius
1869 1202 1898 1229 in
1914 1201 1959 1230 die
1975 1210 2033 1239 qua

523 1258 584 1277 non
607 1254 710 1285 sperat.
740 1254 768 1277 et
789 1248 861 1276 hora
883 1257 939 1286 qua
962 1249 1075 1285 ignorat
1098 1248 1119 1263 ⁵³
1129 1254 1157 1277 et
1180 1249 1289 1277 diuidet
1310 1258 1377 1277 eum
1399 1254 1555 1286 partesque
1575 1249 1644 1277 eius.
1674 1253 1764 1286 ponet
1782 1258 1849 1277 curn
1865 1249 2032 1286 hypocritis.

524 1296 579 1324 illic
601 1296 654 1323 erit
676 1295 759 1324 fletus
781 1301 809 1323 et
832 1296 936 1323 stridor
958 1295 1097 1323 dentium.
1182 1295 1277 1324 XXV.
1301 1296 1406 1325 1Tunc
1430 1296 1520 1325 simile
1541 1297 1593 1325 erit
1614 1305 1736 1333 regnum
1759 1296 1906 1325 caelorum
1930 1296 2032 1324 decern

524 1343 682 1380 uirginibus
705 1352 779 1380 quae
802 1343 978 1380 accipientes
1000 1342 1150 1379 lampadas
1173 1352 1240 1372 suas
1263 1344 1393 1371 exierunt
1417 1344 1535 1372 obuiam
1555 1352 1672 1380 sponso.
1710 1348 1737 1372 et
1758 1353 1890 1381 sponsae.
1927 1341 2032 1380 ²quin-

525 1399 582 1427 que
612 1394 709 1418 autem
738 1399 773 1417 ex
805 1390 845 1418 eis
875 1394 955 1417 erant
979 1390 1145 1426 prudentes.
1180 1396 1208 1418 et
1231 1391 1359 1428 quinque
1383 1390 1487 1418 fatuae.
1521 1391 1593 1419 ³sed
1617 1391 1744 1428 quinque
1769 1390 1873 1419 fatuae.
1906 1391 2034 1428 acceptis

525 1437 710 1474 lampadibus
740 1437 808 1465 suis.
838 1446 898 1465 non
922 1443 1087 1464 sumserunt
1109 1437 1205 1465 oleum
1228 1446 1335 1466 secum.
1373 1438 1551 1474 ‘³prudentes
1580 1447 1650 1466 uero
1677 1443 1851 1474 acceperunt
1877 1438 1974 1466 oleum
2004 1439 2034 1466 in

526 1484 603 1512 uasis
633 1484 691 1511 suis
720 1493 789 1511 curn
819 1483 1011 1520 lampadibus.
1052 1483 1185 1512 ⁵1nora1n
1211 1489 1308 1512 autem
1334 1484 1488 1512 facientem
1514 1494 1631 1521 sponso.
1670 1485 1897 1513 dormitauerunt
1921 1494 2034 1514 omnes.

527 1537 555 1560 et
585 1531 770 1559 dormierunt.
820 1530 939 1558 ⁶media
967 1536 1063 1558 autem
1093 1536 1179 1559 nocte
1208 1531 1318 1560 clamor
1347 1531 1439 1560 factus
1475 1537 1526 1559 est.
1564 1541 1632 1560 ecce
1658 1541 1785 1569 sponsus
1813 1532 1901 1560 uenit.
1958 1533 2034 1561 exite

527 1579 645 1608 obuiam
674 1578 709 1605 ei.
739 1577 836 1605 ⁷tunc.
878 1583 1065 1605 surrexerunt
1097 1587 1201 1606 omnes
1236 1578 1363 1615 uirgines
1397 1579 1468 1607 illae.
1508 1583 1535 1606 et
1564 1584 1742 1607 ornauerunt
1770 1579 1921 1616 lampadas
1959 1588 2034 1607 suas.

527 1625 642 1654 ⁸fatuae
665 1629 771 1652 autem.
801 1624 980 1662 sapientibus
1003 1625 1144 1652 dixerunt.
1174 1625 1239 1653 date
1262 1626 1346 1654 nobis
1369 1626 1405 1654 de
1427 1626 1493 1654 oleo
1511 1631 1616 1654 uestro.
1647 1627 1715 1662 quia
1735 1626 1889 1663 lampadae
1908 1632 2032 1655 nostrae.

528 1673 725 1709 extinguntur.
762 1671 995 1708 ⁹respouderunt
1018 1672 1175 1708 prudentes
1194 1673 1332 1701 dicentes.
1369 1682 1406 1701 ne
1430 1673 1501 1701 forte
1523 1682 1582 1701 non
1605 1673 1724 1701 sufficiat
1746 1674 1830 1702 nobis
1852 1680 1879 1701 et
1898 1674 1982 1702 uobis
1999 1675 2036 1702 ite

563 1778 602 1801 50.
622 1771 715 1801 ceperit
725 1770 794 1799 LW;
813 1771 895 1802 coepit
909 1771 939 1794 R.
969 1771 1102 1802 percuterit
1116 1772 1146 1794 R.
1176 1780 1232 1795 con-

531 1817 614 1833 seruus
627 1810 661 1838 H,
676 1810 808 1833 conserbos
821 1809 864 1833 O*.
895 1810 1027 1833 manducat
1038 1810 1097 1834 EPR.
1126 1810 1190 1833 bibit
1200 1811 1231 1839 R,

531 1849 600 1872 bibet
619 1849 647 1873 L.
682 1850 760 1872 ebreis
773 1849 802 1877 L,
815 1849 879 1872 ebris
892 1849 957 1878 ΞΡΜ,
969 1849 1060 1872 hebriis
1073 1849 1093 1872 C
1105 1857 1110 1878 ;
1131 1850 1233 1873 ebriosis

531 1886 784 1911 zP*KM'O*RVX*Z
795 1896 833 1918 vg.

566 1934 604 1957 51.
623 1929 720 1949 ueniet
730 1933 745 1950 ψ
755 1931 837 1950 autern
850 1927 879 1949 R.
916 1927 971 1950 diae
984 1928 1012 1951 C.

532 1974 579 1990 om.
592 1969 620 1989 et
633 1968 660 1989 h.
673 1973 729 1993 qua
741 1967 776 1994 ig.
790 1966 817 1990 J.

568 2012 605 2035 52.
624 2005 742 2028 diuidiuit
765 2005 794 2028 R.
839 2013 884 2028 om.
908 2013 972 2029 eum
996 2006 1052 2030 DR.
1101 2010 1233 2037 >partem

534 2044 635 2075 eiusque
656 2044 686 2068 R.
722 2048 798 2075 ponat
819 2044 848 2067 T.
884 2044 1036 2075 hypochritis
1057 2045 1113 2074 CD,
1138 2046 1233 2076 hyppo-

534 2083 619 2107 chritis
643 2083 672 2110 E,
702 2083 821 2114 ypocritis
844 2083 956 2112 TVY20,
986 2084 1150 2115 hippochritis
1180 2085 1234 2113 LR,

534 2122 680 2153 hippocritis
693 2122 728 2150 ΞΡ,
742 2122 868 2153 hipocritis
882 2122 920 2145 W.
956 2124 1015 2146 illie
1027 2131 1031 2146 z
1051 2123 1084 2146 ibi
1098 2123 1136 2146 ΧΥ.

568 2161 650 2184 XXV.
667 2168 687 2184 1.
706 2162 760 2184 erit
778 2161 841 2184 codd.
859 2164 881 2184 et
898 2169 935 2191 vg.
953 2166 975 2184 cl
989 2170 1050 2185 corr.
1064 2161 1146 2185 zmt.*:
1165 2166 1200 2186 est
1214 2162 1236 2185 T

535 2208 596 2224 corr.
609 2204 661 2223 nal.
675 2208 722 2231 mg.
758 2200 867 2223 celorum
881 2200 919 2223 W.
955 2201 1035 2224 decim
1053 2201 1097 2228 a&
1115 2207 1149 2223 ·X·
1167 2201 1237 2224 DEL

537 2239 602 2263 RW.
631 2247 677 2270 que
686 2239 717 2262 D.
748 2240 892 2266 lampades
900 2247 954 2261 sum
966 2240 1237 2264 ACDQPHQJKLM‘

537 2278 761 2308 QRvaxcvff
773 2286 821 2308 vg„
838 2281 860 2301 et
874 2277 975 2308 lapades
993 2279 1028 2302 E:
1047 2279 1177 2310 lampadas
1196 2279 1236 2302 BF

539 2316 686 2341 H*Ox*z*.
722 2319 853 2341 exierunt
872 2324 889 2341 4-
909 2317 933 2340 in
957 2318 993 2345 E;
1020 2325 1036 2341 4-
1057 2318 1107 2341 ad?
1131 2318 1168 2342 Α*
1188 2318 1240 2348 (ml

537 2362 648 2383 erasum)
660 2365 665 2385 ;
689 2362 710 2383 -ι-
723 2360 804 2380 autem
817 2357 848 2387 Q.
883 2356 1000 2380 hobuiam
1013 2357 1044 2386 C,
1059 2358 1143 2380 obiam
1159 2358 1236 2388 LQR.

539 2404 628 2426 sponse
642 2396 682 2419 w.

575 2442 595 2458 2.
614 2436 752 2462 quinque:
772 2440 806 2457 -v-
820 2434 908 2458 ERW.
942 2442 987 2457 om.
1001 2438 1094 2458 autem
1107 2436 1137 2466 Q.
1173 2436 1238 2459 fatue

540 2473 632 2497 CHW.
667 2482 713 2497 om.
727 2477 754 2497 et
766 2482 791 2501 q.
801 2475 954 2501 prudentes
968 2480 1003 2501 (a.
1014 2476 1040 2503 3)
1050 2476 1099 2497 sed
1110 2482 1134 2502 q.
1145 2476 1238 2497 fatuae

535 2516 583 2543 per
594 2513 793 2536 homoeoteleuton
808 2513 835 2537 F.
870 2514 994 2540 quinque
1012 2521 1070 2537 sca:
1092 2519 1125 2536 -v-
1145 2513 1238 2542 ERW;

540 2551 654 2582 sequitur
667 2559 715 2575 ras.
732 2559 743 2574 2
758 2552 805 2575 litt.
820 2552 850 2575 A.

575 2597 597 2619 3.
615 2592 754 2618 quinque:
773 2597 807 2613 -ν-
827 2590 941 2614 DERW.
975 2591 1041 2614 fatue
1060 2591 1100 2614 NV.
1135 2593 1238 2619 lampa-

541 2630 623 2652 dibus
640 2636 655 2653 4-
671 2630 721 2653 suis
740 2630 873 2652 13133111011R.
911 2628 998 2656 >non
1018 2638 1036 2653 s.
1056 2630 1137 2653 oleum
1157 2638 1238 2654 secum

1336 1780 1386 1796 acc.
1411 1772 1567 1803 lampadibus
1591 1774 1622 1803 Q.
1663 1777 1824 1797 sumserunt
1847 1774 2036 1797 AFHTXYZ:

1337 1816 1492 1842 sumpserunt
1511 1812 1673 1836 BCDE'ffiOJ
1680 1812 1892 1843 KLMOQRVW
1905 1821 1942 1843 vg.
1956 1813 2036 1836 Tisch.

1336 1850 1438 1873 holeum
1451 1851 1480 1874 C.

1369 1897 1390 1920 4.
1410 1897 1478 1913 uero
1494 1899 1498 1914 :
1535 1894 1617 1914 autem
1653 1891 1683 1914 R.
1729 1891 1870 1922 acciperunt
1905 1891 2036 1915 DEH’LR.

1336 1928 1436 1952 holeurn
1461 1930 1489 1953 C.
1525 1930 1602 1953 nassis
1628 1930 1783 1953 DEEPLRY.
1818 1932 1996 1957 lampadibus
2013 1936 2030 1954 «ι-

1336 1968 1385 1991 suis
1399 1969 1514 1999 DEPMUQ.

1370 2014 1392 2037 5.
1412 2015 1482 2031 mora
1501 2008 1589 2031 HRTZ.
1625 2008 1754 2031 facientem
1775 2008 1807 2031 X.
1842 2008 2038 2032 dormitaberunt

1338 2046 1368 2070 T.
1403 2054 1449 2070 om.
1463 2050 1491 2070 et
1503 2049 1679 2070 dormierunt
1692 2047 1732 2070 EC.
1766 2047 1935 2070 dormiuerunt
1948 2048 1979 2078 Q.

1371 2085 1393 2108 6.
1411 2087 1503 2109 faetus
1516 2086 1591 2115 (fatus
1601 2086 1635 2116 Q)
1645 2089 1687 2109 est
1697 2093 1712 2109 ψ
1721 2089 1745 2109 et
1759 2086 1815 2109 DR.
1850 2087 1916 2109 uenit
1930 2087 1996 2110 uenit
2009 2087 2037 2110 J.

1339 2124 1422 2147 obiam
1434 2125 1487 2148 LR.
1522 2127 1562 2148 ei:
1582 2125 1618 2147 illi
1632 2125 1660 2148 E.

1374 2168 1394 2194 7.
1414 2164 1514 2194 uirginis
1537 2164 1593 2187 DR.
1635 2164 1675 2187 ille
1700 2164 1784 2187 ELW.
1821 2163 1984 2188 hornauerunt
2008 2164 2037 2188 C.

1339 2202 1470 2234 lampadas
1483 2203 1532 2226 BF.

1374 2243 1396 2265 8.
1416 2242 1480 2265 fatue
1494 2242 1556 2265 LW.
1585 2245 1641 2272 pos!
1657 2245 1749 2265 autem
1766 2250 1813 2265 ras.
1828 2242 1842 2265 6
1856 2245 1902 2265 aul
1915 2248 1927 2273 7
1942 2242 1988 2265 litt.
2003 2242 2038 2265 ΞΡ.

1340 2282 1533 2308 sapientibus:
1553 2281 1713 2312 prudentibus
1731 2281 1770 2304 D*
1783 2281 1836 2311 (scd
1851 2283 1924 2307 corr.)
1937 2290 1942 2309 ;
1957 2281 2041 2312 grani

1341 2320 1430 2343 halant
1445 2324 1538 2350 semper
1548 2318 1658 2349 φρόνιμοι
1677 2324 1718 2344 etc.
1732 2321 1775 2343 scil
1790 2324 1880 2343 ueteres
1891 2321 2041 2351 pltrumque

1341 2367 1397 2382 cum
1420 2359 1525 2389 uulgata
1544 2359 1690 2382 conrorn'ant
1709 2367 1764 2382 cum
1786 2359 1891 2382 habeant
1910 2359 2041 2390 prudentes

1342 2397 1405 2420 alibi
1424 2401 1447 2421 et
1466 2398 1618 2428 sapientibus
1638 2398 1677 2420 llic
1698 2406 1728 2422 ss.
1747 2399 1760 2421 b
1772 2397 1839 2428 sfg1
1853 2398 1867 2420 ll
1882 2406 1904 2428 tl,
1923 2398 1966 2421 sni
1985 2406 2040 2429 pru-

1342 2436 1493 2467 dentibusffi
1503 2444 1508 2465 ;
1526 2437 1636 2460 contrad
1646 2440 1668 2460 el
1678 2445 1699 2465 r²
1709 2437 1797 2460 habt-nt
1809 2437 1898 2467 ultique
1910 2436 2040 2467 sapientes,

1342 2475 1501 2506 sapientibus.
1537 2476 1575 2499 Dc
1598 2479 1667 2498 tcxlzc
1690 2475 1813 2506 Αχὶγίῑιησ
1839 2475 1887 2497 m'x
1909 2479 2041 2505 possumus

1343 2514 1455 2537 iudicare
1483 2523 1538 2537 cum
1565 2515 1661 2545 dificiat
1686 2522 1704 2539 e.
1731 2522 1771 2537 nc(
1804 2514 1946 2544 Qttpritnms
1974 2518 2040 2545 opem

1337 2556 1460 2583 praestet:
1480 2555 1521 2576 sed
1537 2554 1604 2576 [mdo
1621 2553 1684 2576 <luas
1692 2552 1776 2583 fiu'ssc
1794 2553 1834 2575 lma*
1852 2554 1899 2576 loro
1918 2553 2041 2576 ltcrsl'mzcs

1342 2600 1451 2622 quarum
1473 2600 1524 2614 una
1542 2592 1658 2614 hahuerit
1675 2591 1795 2622 sapientes
1813 2595 1835 2614 εἰ
1852 2592 1942 2615 stultae
1960 2592 2000 2621 (d)
2019 2595 2041 2615 ct

1342 2631 1422 2653 allexa
1444 2631 1574 2661 prudentes
1594 2634 1615 2653 rt
1636 2631 1722 2653 saluae.
1757 2630 1877 2653 dixit-runt
1897 2630 1923 2653 L.
1959 2633 2039 2654 date:

1055 1935 1129 1958 quam
1143 1927 1179 1951 his
1191 1928 1232 1951 TC.
