2209 3147
180 246 236 270 ΧΠ.
249 237 363 281 39-45-]

140 328 165 348 ³9
177 332 235 356 (128-
248 332 269 356 ⁵>
283 332 348 373 Qui
365 333 566 373 respondens
583 333 629 363 ait
646 332 710 363 illis

174 385 340 425 generatio
382 384 468 415 mala
506 390 539 415 et
570 384 720 416 adultera
751 384 881 425 signum

218 436 345 475 quaerit

173 491 206 517 et
221 488 351 527 signum
364 497 428 517 non
445 487 576 518 dabitur
591 488 620 517 ei

173 538 233 569 nisi
249 539 379 578 signum
396 539 488 569 ionae
504 538 685 578 prophetae

137 591 164 610 4⁰
173 590 256 620 sicut
272 590 358 620 enirn
375 590 434 620 fuit
450 591 541 621 ionas
558 590 589 620 in
606 595 718 621 uentre
735 592 796 621 ceti

173 642 279 672 tribus
296 642 411 672 diebus
427 647 459 672 et
475 642 579 672 tribus
596 642 748 672 noctibus

172 693 217 723 sic
233 693 293 724 erit
309 692 394 724 filius
409 693 550 723 hominis
567 694 598 723 in
615 694 712 724 corde
729 699 832 724 terrae

171 745 274 775 tribus
290 745 404 776 diebus
420 751 453 776 et
468 746 572 776 tribus
589 746 748 776 noctibus.

134 798 160 817 41
172 796 244 828 Uiri
266 797 429 828 nineuitae
453 802 585 837 surgent
609 798 638 827 in
664 798 783 829 iudicio
803 809 876 829 cum

212 849 420 887 generatione
437 849 498 879 ista

169 904 201 930 et
218 900 484 931 condemnabunt
500 911 572 931 eam

170 952 246 991 quia
263 953 497 992 paenitentiam
510 957 645 993 egerunt
663 953 694 983 in
711 954 875 993 praedica-

212 1003 299 1034 tione
315 1004 407 1034 ionae

169 1060 201 1085 et
217 1065 291 1086 ecce
307 1055 380 1096 plus
397 1066 496 1095 quam
513 1055 586 1087 iona
602 1056 653 1087 hic

132 1112 160 1131 42
170 1107 280 1147 regina
310 1107 411 1137 austri
445 1113 555 1148 surget
587 1109 618 1138 in
649 1109 769 1139 iudicio
799 1119 872 1139 cum

210 1159 418 1199 generatione
433 1159 495 1190 ista

490 240 811 270 EUANGELIUM
830 240 1091 270 SECUNDUM
1112 241 1177 269 MA
1188 240 1392 270 TTHEUM.
1651 242 1691 281 89

985 339 1016 364 et
1033 334 1265 365 condemnabit
1281 345 1353 365 eam

984 386 1061 425 quia
1078 386 1166 416 uenit
1183 397 1202 416 a
1218 386 1336 416 finibus
1355 390 1459 416 terrae
1475 385 1587 416 audire
1604 386 1690 426 sapi-

1027 438 1149 468 entiam
1165 438 1343 468 salomonis

983 493 1016 519 et
1034 500 1107 520 ecce
1124 489 1197 530 plus
1213 500 1312 529 quam
1329 489 1480 520 salomon
1496 489 1557 520 hic.

945 539 972 557 43
984 540 1042 563 (¹2⁹¹
1057 540 1077 562 5)
1096 541 1180 572 Cum
1211 546 1322 572 autem
1354 541 1528 571 inmundus
1556 541 1689 581 spiritus

1025 593 1141 623 exierit
1156 593 1198 623 ab
1214 592 1346 622 homine

980 643 1128 674 ambulat
1144 654 1201 684 per
1215 643 1286 674 loca
1302 643 1393 674 arida

980 705 1137 734 quaerens
1154 696 1298 734 requiem
1315 701 1347 726 et
1364 705 1428 725 non
1446 694 1570 726 inuenit

941 746 969 764 44
979 751 1056 777 tunc
1082 747 1161 777 dicit
1188 752 1330 777 reuertar
1356 747 1387 776 in
1414 747 1551 777 domurn
1577 757 1684 777 meam

1023 799 1108 828 unde
1124 798 1213 828 exiui

979 855 1010 880 et
1028 850 1159 880 ueniens
1177 850 1300 880 inuenit
1316 855 1487 880 uacantem

979 902 1085 942 scopis
1102 903 1293 932 mundatam
1311 907 1342 931 et
1360 907 1509 931 ornatam

941 957 968 976 4⁵
978 958 1056 984 tunc
1086 953 1177 984 uadit
1210 958 1242 983 et
1273 953 1408 984 assumit
1438 958 1565 992 septem
1600 952 1683 983 alios

1021 1005 1153 1045 spiritus
1170 1015 1279 1035 secum
1297 1004 1468 1044 nequiores
1484 1015 1518 1035 se

977 1062 1010 1088 et
1026 1057 1183 1087 intrantes
1199 1056 1347 1086 habitant
1365 1056 1409 1086 ibi

976 1113 1009 1139 et
1021 1108 1102 1139 fiunt
1118 1108 1293 1138 nouissima
1310 1107 1451 1138 hominis
1468 1107 1553 1137 illius
1569 1106 1682 1147 peiora

1018 1160 1181 1200 prioribus

168 1262 185 1281 a
199 1257 227 1281 te
242 1253 357 1289 signum
372 1253 480 1281 uidere.
510 1252 530 1268 ⁸⁴³
542 1254 617 1281 iesus
633 1259 729 1282 autem
744 1255 923 1291 respondens
938 1255 976 1282 ait
991 1254 1052 1282 illis.
1082 1254 1229 1291 generatio
1242 1253 1327 1281 mala.
1354 1258 1381 1281 et
1397 1252 1533 1281 adultera.
1564 1253 1679 1290 signum

169 1300 286 1337 quaerit.
312 1305 340 1328 et
362 1300 477 1337 signum
499 1309 558 1328 non
580 1301 694 1328 dabitur
712 1302 746 1329 ei.
777 1302 830 1329 nisi
850 1302 964 1338 signum
987 1302 1071 1329 ionae
1091 1301 1260 1338 prophetae.
1291 1300 1313 1315 ‘¹⁰
1323 1301 1396 1328 sicut
1414 1301 1493 1328 enim
1513 1300 1565 1328 fuit
1587 1301 1679 1330 ionas.

168 1347 197 1374 in
230 1351 329 1375 uentre
365 1347 449 1375 coeti.
489 1348 580 1376 tribus
612 1348 713 1376 diebus
748 1354 775 1376 et
808 1349 896 1376 tribus
927 1348 1071 1376 noctibus.
1113 1349 1153 1376 sic
1187 1348 1239 1375 erit
1274 1347 1348 1375 filius
1376 1347 1503 1376 hominis
1532 1347 1562 1375 in
1591 1348 1678 1376 corde

167 1398 267 1422 terrae.
297 1394 385 1422 tribus
404 1393 504 1422 diebus
524 1400 551 1422 et
574 1395 663 1423 tribus
688 1395 831 1423 noctibus.
869 1394 889 1409 4¹
899 1395 952 1423 uiri
970 1395 1115 1422 nineuitae
1134 1400 1251 1431 surgent
1271 1394 1301 1422 in
1318 1394 1432 1422 iudicio.
1470 1403 1537 1422 cum
1558 1403 1677 1431 genera-

167 1440 245 1469 tione
269 1441 331 1469 ista.
371 1447 398 1469 et
427 1441 666 1470 condemnabunt
696 1451 770 1470 eam.
800 1442 867 1479 quia
893 1442 1098 1479 paenitentiam
1122 1446 1252 1478 egerunt.
1289 1442 1318 1468 in
1343 1441 1558 1479 praedicatione
1581 1442 1675 1470 ionae.

167 1492 195 1516 et
218 1497 285 1516 ecce
314 1488 469 1525 plusquam
487 1488 555 1516 iona
577 1488 630 1516 hic.
667 1489 688 1504 ‘¹²
699 1489 797 1526 regina
819 1489 915 1517 austri.
947 1494 1044 1526 surget
1065 1489 1094 1516 in
1117 1488 1234 1516 iudicio.
1272 1497 1339 1516 cum
1364 1488 1552 1525 generatione
1574 1488 1627 1516 ista
1648 1493 1676 1516 et

167 1535 373 1563 condemnauit
393 1544 467 1563 eam.
503 1535 570 1572 quia
590 1536 669 1563 uenit
691 1545 708 1564 a
726 1536 832 1564 finibus
855 1541 953 1564 terrae.
980 1536 1080 1563 audire
1101 1535 1274 1572 sapientiam
1291 1535 1455 1563 salomonis.
1484 1540 1511 1563 et
1526 1544 1595 1563 ecce
1610 1535 1675 1572 plus

164 1582 317 1610 'salomone
332 1581 387 1610 hic.

248 1628 270 1643 4³
279 1637 346 1656 cum
367 1634 464 1656 autem
485 1628 643 1657 inmundus
666 1629 780 1666 spiritus
799 1629 898 1657 exierit
917 1629 954 1657 ab
974 1628 1091 1658 homine
1111 1628 1241 1656 ambulat
1259 1637 1310 1665 per
1329 1628 1394 1656 loca
1414 1628 1501 1656 arida.
1532 1637 1674 1665 quaerens

166 1675 295 1712 requiem
312 1680 339 1703 et
354 1684 413 1703 non
429 1675 545 1703 inuenit.
575 1675 596 1689 ⁴4
609 1680 677 1703 tunc
698 1675 772 1704 dicit.
807 1681 932 1704 reuertar
954 1676 984 1703 in
1006 1675 1126 1704 domum
1148 1684 1253 1703 meam.
1283 1675 1361 1703 unde
1382 1675 1466 1703 exiui.
1496 1680 1523 1702 et
1552 1675 1673 1703 ueniens

165 1722 275 1750 inuenit
299 1727 453 1750 uacantem
477 1722 572 1759 scopis
598 1722 775 1750 mundatam.
812 1727 839 1750 et
863 1727 1004 1750 ornatam.
1041 1722 1139 1750 ⁴⁵tunc
1166 1722 1245 1749 uadit
1268 1726 1295 1749 et
1320 1721 1444 1749 adsumit
1467 1721 1537 1750 alios
1561 1727 1672 1758 septem

968 1812 1128 1843 penitentiam
1147 1812 1176 1834 R.
1212 1815 1328 1842 aegerunt
1350 1812 1378 1834 L.
1414 1811 1581 1842 predicatione
1604 1812 1671 1835 DW.

967 1851 1022 1874 ione
1034 1851 1075 1879 W,
1089 1851 1160 1874 ionee
1173 1850 1202 1874 O.
1241 1854 1267 1877 >
1282 1850 1322 1874 hic
1340 1858 1414 1881 quam
1432 1850 1489 1873 iona
1504 1850 1527 1873 R
1539 1858 1558 1879 e,
1570 1854 1593 1874 et
1609 1851 1633 1874 h.
1647 1859 1670 1882 q.

966 1889 1035 1912 ionas
1050 1897 1065 1912 a
1079 1890 1091 1912 b
1104 1889 1118 1911 l1
1130 1897 1135 1915 ς
1150 1892 1226 1920 porro
1238 1890 1306 1912 ionas
1319 1897 1356 1920 vg.
1369 1893 1391 1912 ct
1402 1897 1464 1912 corr.
1477 1892 1528 1912 καί.
1542 1897 1589 1920 mg.

199 1819 237 1843 39.
256 1814 306 1840 qui
328 1814 502 1840 respondens
528 1814 583 1836 ait:
611 1813 759 1843 respondens
782 1817 863 1836 autem

165 1851 228 1874 dixit
239 1852 268 1875 J.
300 1851 390 1874 Graeci
405 1851 417 1873 ὁ
434 1850 459 1874 δὲ
476 1850 607 1881 ἀποκριθεὶς
626 1850 696 1874 εἶπεν.
731 1854 771 1875 ait
789 1853 862 1875 illis:

168 1890 240 1917 >eis
263 1890 297 1913 ait
320 1890 351 1914 R.
395 1889 493 1913 adultra
514 1890 542 1917 L,
567 1890 689 1913 adulteria
712 1891 743 1914 R.
785 1892 863 1921 querit

165 1928 278 1952 DLRW.
311 1932 338 1955 >
350 1929 429 1959 querit
438 1928 534 1959 signum
546 1929 579 1952 D.
614 1929 669 1952 ione
679 1929 718 1952 W.
753 1930 863 1960 profetae

165 1967 298 1995 Dff’ORZ,
311 1967 430 1998 prophete
444 1967 483 1995 W,
498 1967 592 1997 profete
605 1967 633 1990 L.

198 2013 236 2036 40.
255 2007 311 2029 fuit,
335 2006 371 2029 bis
388 2006 460 2036 lapsu
478 2006 504 2028 H
524 2006 566 2028 sed
584 2009 636 2036 exp.
672 2007 727 2029 ceti
748 2006 830 2029 BCFJ
834 2006 861 2029 M

165 2044 253 2068 Twzo
269 2053 325 2075 vg:
349 2045 412 2068 coeti
431 2045 454 2067 A
473 2044 514 2075 (in
537 2045 562 2067 T
558 2048 599 2068 est.
619 2045 670 2068 Uet.
689 2045 778 2068 uariat
796 2045 864 2068 inter

165 2092 218 2107 coe.
231 2091 281 2107 cae.
292 2087 314 2107 et
325 2083 371 2113 ee.)
386 2083 766 2114 DERPHOEKOQV’ssXYZssfgl
776 2084 792 2107 lc
804 2092 827 2115 q,
840 2087 862 2107 et

165 2123 228 2146 caeti
240 2123 327 2146 LNrR.
359 2123 451 2145 tribus
463 2129 467 2144 :
481 2128 531 2145 ·111-
542 2123 578 2145 bis
588 2123 619 2145 D.
653 2123 769 2146 nontibus
783 2123 808 2145 H
820 2123 860 2154 (cf.

163 2169 255 2192 panem
272 2164 321 2192 pra
338 2169 425 2192 pacem
445 2170 467 2184 x.
491 2161 541 2191 34).
577 2163 617 2185 sie
633 2163 687 2185 erit
707 2165 747 2184 etc.
767 2162 801 2184 ad
808 2162 860 2192 fin.

164 2208 230 2223 uers.
256 2208 301 2223 om.
312 2200 392 2229 DQ«
403 2207 419 2224 ÷
429 2200 456 2222 ίη
468 2200 534 2230 mg).
563 2202 631 2223 erit:
644 2201 709 2224 enim
720 2201 764 2223 R*.
795 2205 820 2227 >
832 2204 860 2224 tr.

164 2239 227 2262 dieb.
241 2242 265 2262 et
277 2242 304 2261 tr.
318 2242 384 2262 noct.
397 2238 422 2261 in
432 2239 505 2262 eorde
515 2242 591 2262 terrae
602 2239 631 2262 R.
667 2241 763 2262 eorde:
777 2243 861 2262 uentre

163 2278 191 2300 L.
226 2281 287 2301 terre
300 2278 361 2300 EW.

195 2323 235 2347 41.
253 2316 371 2339 niniuitae
385 2316 455 2339 ΗΘ]
468 2324 516 2347 vg„
535 2316 644 2340 ninuitae
660 2317 740 2346 DLR,
758 2317 861 2340 niniuite

163 2355 320 2385 E*(niniuete
332 2355 448 2381 corrJVV.
479 2355 567 2378 iuditio
577 2355 617 2378 W.
647 2359 675 2378 et
693 2357 859 2379 condemna>

161 2396 235 2418 bunt
245 2402 321 2425 usque
332 2394 367 2417 ad
383 2396 565 2422 generatione
579 2396 634 2417 ista
646 2402 671 2417 u.
684 2401 713 2425 42
727 2402 772 2417 om.
786 2395 806 2417 F
814 2397 862 2425 per

163 2433 372 2462 homoeoteleuton,
384 2433 426 2456 sed
439 2432 541 2463 aliquid
555 2432 641 2455 minus
656 2433 743 2456 haberi
757 2436 861 2456 notatur

162 2472 191 2494 in
199 2479 246 2502 mg.
282 2471 496 2502 eondempnabunt
509 2471 686 2500 DcEOEPoRVSQ
697 2471 860 2502 condempna-

162 2509 199 2532 bit
217 2510 266 2536 D*‚
285 2510 494 2540 eontempnabunt
512 2509 539 2532 L.
574 2518 604 2533 ea
623 2510 657 2533 H.
694 2510 751 2540 quia
771 2518 859 2540 paene-

162 2548 264 2572 tentiam
278 2548 333 2579 (sic)
348 2552 449 2579 egerunt
461 2550 485 2571 in
498 2549 665 2579 predicatione
680 2552 722 2572 etc.
737 2557 812 2579 usque
827 2549 862 2572 ad

163 2586 352 2610 condennabunt
366 2587 421 2618 (sic)
435 2595 490 2610 eam
504 2595 578 2610 ztcrszc
591 2594 621 2617 42
635 2595 680 2611 om.
694 2588 732 2610 Y*
745 2588 786 2610 scd
800 2595 816 2612 ÷
830 2588 858 2611 in

163 2632 242 2656 marg.
272 2629 325 2656 sup.
351 2625 391 2649 Vl.
434 2626 611 2657 poenitentiam
641 2626 793 2650 CDffJLW
810 2634 858 2657 vg„

998 1935 1036 1959 42.
1055 1930 1153 1956 regina
1170 1929 1274 1952 austri:
1294 1936 1369 1959 regna
1386 1928 1443 1951 iusti
1462 1928 1490 1952 L.
1527 1928 1616 1952 iuditio
1629 1928 1669 1952 W.

965 1968 1145 1995 generatione
1163 1968 1234 1990 ista:
1254 1967 1323 1990 uiriis
1338 1967 1504 1998 generationis
1520 1967 1592 1990 huius
1606 1968 1669 1991 EW.

965 2005 1157 2036 eoudempnabit
1186 2005 1298 2034 E&RVV‚
1330 2006 1516 2036 contempnabit
1540 2007 1580 2033 D;
1611 2014 1668 2030 con-

964 2045 1091 2068 demnauit
1105 2044 1127 2067 O
1138 2053 1144 2071 ;
1162 2045 1360 2068 condemnabunt
1373 2045 1451 2068 Lssw.
1487 2052 1548 2068 eam
1560 2053 1564 2068 2
1583 2053 1625 2068 eos
1638 2045 1667 2070 E.

964 2084 996 2107 ha
1008 2083 1097 2107 finibus
1109 2084 1137 2107 C.
1173 2083 1308 2107 salamonis
1317 2087 1357 2107 etc.
1369 2084 1423 2110 DL,
1436 2084 1572 2107 solomonis
1584 2087 1625 2107 etc.
1636 2084 1666 2107 R.

963 2126 991 2146 et
1011 2130 1074 2146 eece
1094 2130 1120 2149 p.
1141 2130 1166 2150 q.
1188 2130 1225 2145 sa.
1247 2124 1294 2145 hic
1314 2130 1359 2145 am.
1379 2122 1411 2145 Z*
1429 2122 1471 2146 sed
1484 2129 1502 2146 ἢ·
1517 2122 1546 2145 in
1564 2130 1610 2153 mg.
1630 2121 1666 2146 Z2.

966 2165 992 2188 >
1002 2162 1042 2185 hic
1055 2169 1128 2192 quam
1142 2161 1256 2184 solomon
1270 2162 1292 2184 R
1305 2170 1321 2184 α
1334 2161 1346 2184 b
1357 2161 1409 2192 cff²
1421 2162 1437 2184 Ιι
1450 2169 1473 2192 q.

996 2208 1034 2231 43.
1055 2208 1118 2224 eum
1132 2200 1183 2227 H*,
1197 2208 1255 2231 qum
1274 2200 1317 2223 Hc.
1353 2202 1508 2223 inmundus
1522 2200 1600 2230 (imm.
1614 2200 1663 2223 ΒΜ

961 2247 999 2270 vg.
1015 2239 1107 2267 Tz'sclz.)
1122 2241 1239 2266 spiritus
1254 2243 1319 2269 μιᾳ).
1332 2239 1378 2262 lin.
1393 2240 1433 2269 Es)
1447 2240 1566 2262 exierit:
1590 2243 1616 2265 >
1626 2239 1664 2262 ihs

963 2278 1018 2309 (sis)
1036 2278 1168 2301 inmundus
1188 2278 1279 2301 exieret
1300 2278 1338 2306 L3
1364 2278 1487 2304 >exierit
1507 2277 1607 2308 spiritus
1628 2278 1662 2301 in-

961 2317 1065 2340 mundus
1079 2317 1108 2339 R.
1143 2319 1259 2340 exierit:
1279 2316 1401 2340 transierit
1414 2317 1443 2347 Q.
1479 2316 1606 2339 ambulant
1616 2315 1662 2343 O*,

961 2356 1091 2379 ambulans
1109 2356 1138 2384 L,
1161 2356 1306 2379 ambulabat
1327 2355 1357 2385 Q.
1393 2355 1480 2378 harida
1498 2355 1526 2379 C.
1561 2363 1663 2386 querens

961 2394 1000 2423 R;
1018 2402 1117 2425 querere
1130 2395 1161 2418 D.
1197 2394 1308 2425 requiam
1320 2394 1372 2418 LR.
1408 2394 1513 2418 inueniet
1531 2394 1583 2418 CT.

993 2441 1031 2464 44.
1051 2434 1083 2456 ad
1094 2433 1197 2456 domum
1206 2434 1232 2457 J.
1267 2433 1348 2456 hunde
1360 2433 1387 2456 C.
1418 2441 1448 2456 ex
1461 2433 1495 2456 iui
1508 2434 1541 2462 D,
1554 2433 1619 2456 exibi
1629 2433 1660 2462 O,

960 2472 998 2495 exi
1011 2472 1041 2502 Q,
1058 2472 1105 2495 exii
1119 2473 1153 2495 ΞΡ.
1189 2474 1301 2495 inuenit
1320 2472 1385 2502 (sine
1400 2472 1476 2495 addit.
1493 2479 1548 2495 cum
1561 2473 1659 2502 graeco)

960 2510 1278 2540 ACDEP*FH*JMOQY,
1288 2511 1424 2541 mttplur.
1437 2511 1492 2533 abc
1500 2510 1577 2541 dfffi
1584 2518 1610 2541 gl
1620 2510 1635 2533 k
1645 2519 1660 2542 q

960 2550 972 2572 δ
990 2558 1063 2573 amn:
1089 2557 1106 2573 4-
1123 2558 1178 2573 eam
1196 2549 1595 2572 BE'AEWHQKLNFRTVWXZ
1612 2557 1659 2580 vg,

962 2597 1017 2612 cum
1028 2588 1075 2619 cff
1083 2589 1106 2611 lz.
1132 2592 1261 2612 uocantem
1272 2588 1299 2611 L.
1329 2588 1421 2619 scopiis
1430 2589 1458 2611 E.
1488 2588 1618 2611 hornatam
1628 2588 1656 2612 C.

993 2634 1032 2657 45.
1051 2629 1169 2651 assumit
1202 2635 1258 2651 cum
1292 2625 1659 2658 ΑΕΗΘΚΜΝΓΩΧῘΧᾸΙΧὟΖ2

1457 2676 1482 2698 N
