2258 3157
217 286 247 311 v,
262 276 369 321 12—20.]

259 372 389 403 fuerunt
406 375 482 402 ante
498 381 566 402 uos.

181 420 206 439 ¹³
217 423 261 448 (31·
277 423 300 447 2)
318 423 392 454 Uos
409 423 486 453 estis
502 421 550 453 sal
567 426 673 452 terrae

216 476 304 516 quod
321 475 348 506 si
365 474 412 505 sal
428 474 596 505 euanuerit
615 474 646 504 in
664 484 730 514 quo

217 527 383 558 sallietur?

216 579 258 610 ad
275 577 412 609 nihilum
430 577 518 608 ualet
536 577 621 608 ultra
636 577 697 607 nisi
718 582 753 607 ut
770 577 922 608 mittatur

259 631 346 661 foras
366 635 399 661 et
415 628 623 660 conculcetur
639 630 681 659 ab
697 628 894 660 hominibus.

181 679 262 704 14(32·
280 678 301 703 ²)
319 679 391 711 Uos
408 679 486 710 estis
502 679 563 709 lux
580 679 694 709 mundi

217 742 283 762 non
293 735 404 772 potest
417 731 531 762 ciuitas
544 730 702 761 abscondi
716 741 815 771 supra
829 741 921 761 mon-

259 788 328 814 tem
345 783 453 823 posita

180 833 206 852 15
218 846 325 875 neque
347 834 529 866 accendunt
550 833 717 865 lucernam
738 838 770 865 et
794 838 922 874 ponunt

261 897 335 918 eam
352 887 414 917 sub
435 886 547 917 modio

217 939 275 970 sed
289 949 386 979 super
398 938 633 969 candelabrum
647 942 683 968 ut
696 938 803 969 luceat
817 938 923 968 omni-

260 991 322 1022 bus
340 991 396 1030 qui
413 991 445 1021 in
462 991 563 1021 domo
577 995 653 1020 sunt

181 1040 263 1074 16sic
278 1043 384 1073 luceat
401 1042 459 1072 lux
475 1046 584 1072 uestra
603 1052 713 1072 coram
736 1041 923 1072 hominibus

217 1100 253 1126 ut
270 1095 403 1125 uideant
415 1099 524 1124 uestra
536 1094 622 1124 bona
636 1104 736 1133 opera
753 1098 784 1123 et
801 1093 924 1133 glorifi-

261 1152 335 1177 cent
348 1151 476 1186 patrem
490 1151 635 1176 uestrum
649 1146 704 1185 qui
716 1146 746 1175 in
759 1146 855 1176 caelis
865 1151 924 1177 est.

181 1197 207 1217 ¹⁷
220 1198 264 1224 (33·
282 1197 318 1221 10)
358 1198 471 1228 Nolite
509 1203 626 1238 putare
657 1198 815 1236 quoniam
850 1199 923 1228 ueni

527 275 847 306 EUANGELJUM
868 275 1131 305 SECUNDUM
1149 274 1430 304 MATTHEUM.
1686 279 1727 313 55

1063 370 1189 400 soluere
1206 369 1312 409 legem
1329 374 1385 399 aut
1402 368 1581 408 prophetas

1019 432 1083 451 non
1101 421 1175 451 ueni
1191 421 1318 452 soluere
1334 421 1390 451 sed
1408 420 1598 460 adimplere.

984 474 1009 493 ¹⁸
1021 472 1065 496 (34·
1082 472 1103 495 5)
1121 473 1233 503 Amen
1249 473 1372 513 quippe
1388 472 1462 503 dico
1480 472 1573 502 uobis

1019 527 1124 557 donec
1139 530 1283 556 transeat
1301 525 1426 556 caelum
1444 530 1475 555 et
1493 529 1578 554 terra

1020 578 1087 608 iota
1115 587 1215 607 unurn
1243 581 1301 607 aut
1325 587 1406 606 unus
1434 586 1522 616 apex
1546 586 1611 606 non
1631 585 1726 616 prae-

1063 629 1174 660 teribit
1191 640 1210 659 a
1227 628 1298 669 lege
1315 629 1418 659 donec
1436 628 1547 658 omnia
1564 627 1654 658 fiant.

982 682 1008 699 ¹⁹
1020 681 1064 700 ‘3⁵‘
1089 680 1124 702 10)
1158 680 1225 720 Qui
1263 691 1341 720 ergo
1379 680 1513 710 soluerit
1548 690 1649 710 unum
1684 680 1727 710 de

1064 732 1228 763 mandatis
1253 732 1322 762 istis
1347 732 1491 761 minimis
1518 736 1550 762 et
1577 731 1727 762 docuerit

1064 784 1110 815 sic
1126 783 1276 813 homines

1021 836 1175 866 minimus
1192 834 1364 865 uocabitur
1381 835 1411 864 in
1428 845 1529 874 regno
1546 834 1711 865 caelorum

1021 887 1076 927 qui
1093 892 1204 917 autem
1221 886 1332 917 fecerit
1349 891 1382 917 et
1398 887 1546 917 docuerit

1020 939 1072 970 hic
1103 949 1241 978 magnus
1267 938 1439 969 uocabitur
1466 939 1497 968 in
1526 949 1626 978 regno
1655 949 1727 969 cae-

1065 991 1172 1021 lorum

985 1042 1011 1061 2⁰
1022 1043 1097 1074 dico
1131 1042 1218 1072 enim
1253 1041 1347 1072 uobis
1381 1042 1458 1081 quia
1492 1041 1551 1072 nisi
1580 1042 1728 1072 abunda-

1065 1094 1148 1125 uerit
1172 1094 1297 1124 iustitia
1316 1098 1425 1124 uestra
1441 1093 1515 1133 plus
1531 1104 1630 1133 quam
1651 1094 1728 1124 scri-

1066 1147 1182 1177 barum
1199 1151 1230 1176 et
1248 1145 1492 1186 pharisaeorum

1022 1208 1088 1228 non
1105 1198 1268 1228 intrabitis
1285 1197 1316 1227 in
1334 1208 1470 1237 regnum
1487 1197 1651 1228 caelorum

218 1300 338 1337 copiosa
360 1305 403 1328 est
424 1300 453 1327 in
477 1299 570 1327 caelis.

614 1299 654 1327 sic
678 1299 756 1326 enim
779 1301 922 1336 persecuti
942 1305 1008 1328 sunt
1026 1300 1191 1337 prophetas.

1234 1300 1282 1337 qui
1305 1299 1420 1326 fuerunt
1443 1303 1510 1326 ante
1533 1307 1596 1326 uos.
1640 1297 1660 1313 ¹³
1673 1307 1728 1327 uos

219 1347 287 1375 estis
307 1346 348 1375 sal
365 1352 456 1375 terrae
476 1346 499 1374 si
522 1351 618 1374 autern
639 1346 678 1374 sal
700 1346 810 1374 fatuum
826 1347 909 1375 fuerit
926 1347 956 1375 in
977 1356 1036 1384 quo
1059 1348 1182 1376 salietur.
1211 1346 1248 1375 ad
1272 1345 1392 1374 nihilum
1414 1345 1520 1374 ualebit
1539 1345 1613 1373 ultra
1628 1346 1681 1374 nisi
1697 1351 1729 1374 ut

218 1394 346 1422 mittatur
362 1393 440 1422 foras
455 1398 483 1421 et
499 1393 685 1421 conculcetur
700 1394 737 1421 ab
753 1393 927 1422 hominibus.

300 1439 321 1455 ¹⁴¹
331 1449 385 1468 uos
401 1440 469 1469 estis
484 1440 533 1467 lux
548 1439 650 1467 mundi
665 1449 725 1467 non
741 1445 836 1477 potest
857 1441 958 1469 ciuitas
977 1441 1119 1469 abscondi
1140 1449 1226 1478 supra
1246 1444 1378 1468 montem
1400 1440 1565 1468 constituta.
1602 1439 1622 1454 ¹⁵
1632 1449 1728 1477 neque

218 1487 384 1516 accendunt
399 1487 546 1515 lucernam
562 1491 589 1514 et
604 1492 717 1523 ponunt
732 1496 798 1514 eam
813 1487 866 1515 sub
883 1488 990 1516 modio.
1019 1488 1071 1516 sed
1086 1496 1172 1525 super
1187 1487 1404 1515 candelabrum.
1435 1491 1466 1514 ut
1481 1487 1576 1515 luceat
1592 1487 1727 1514 omnibus

219 1535 269 1572 qui
291 1535 321 1562 in
343 1534 432 1563 domo
456 1538 530 1562 sunt.

300 1580 321 1596 ¹⁰
332 1582 372 1609 sic
387 1581 481 1609 luceat
496 1580 545 1608 lux
560 1585 655 1608 uestra
671 1589 769 1608 coram
785 1580 959 1609 horninibus.
995 1586 1026 1609 ut
1040 1581 1158 1609 uideant
1173 1589 1263 1617 opera
1277 1584 1373 1608 uestra
1391 1580 1478 1608 bona.
1515 1585 1543 1608 et
1563 1580 1729 1617 glorIficent

219 1634 330 1666 patrem
345 1633 474 1656 uestrum
492 1628 541 1665 qui
557 1628 586 1654 in
603 1627 690 1655 caelis
706 1632 755 1655 est.

219 1675 330 1712 phetas.
374 1684 435 1703 non
453 1675 521 1703 ueni
543 1674 657 1702 soluere
678 1675 729 1702 sed
750 1675 914 1712 adimplere.

219 1727 301 1750 terra.

799 1627 820 1643 1⁷
830 1628 918 1656 nolite
939 1634 1049 1665 putare.

958 1675 977 1690 ¹⁸
987 1685 1073 1703 amen
1089 1676 1155 1703 dico
1171 1675 1263 1703 uobis.

344 1723 404 1750 iota
419 1731 511 1749 unum
525 1721 571 1749 uel
586 1730 660 1749 unus
677 1731 760 1758 apex.
798 1731 857 1750 non
872 1722 1035 1759 praeteribit
1051 1732 1067 1750 a
1085 1722 1159 1759 lege.

1092 1628 1233 1665 quoniam
1253 1627 1320 1655 ueni
1338 1627 1452 1655 soluere
1474 1627 1570 1664 legem
1591 1634 1639 1655 aut
1659 1637 1728 1664 pro-

1306 1674 1400 1702 donec
1422 1680 1548 1702 transeat
1567 1675 1679 1703 caelum
1700 1680 1729 1703 et

1203 1722 1297 1750 donec
1315 1722 1414 1749 omnia
1435 1722 1513 1750 fiant.
1550 1722 1570 1736 ¹⁹
1580 1722 1629 1758 qui
1649 1723 1727 1750 enim

220 1769 336 1797 soluerit
352 1778 444 1796 unum
457 1769 492 1797 de
507 1768 651 1796 mandatis
666 1769 725 1797 istis
740 1769 867 1797 minimis
883 1774 910 1796 ct
925 1769 1054 1797 docuerit
1067 1770 1107 1797 sic
1124 1769 1258 1797 homines
1273 1769 1410 1797 minimus
1426 1769 1577 1797 uocabitur
1592 1769 1621 1796 in
1636 1778 1727 1805 regno

220 1816 377 1845 caelorum.
421 1816 471 1853 qui
486 1821 583 1843 autem
599 1815 704 1844 fecerit.

219 1861 241 1877 ²⁰
254 1863 320 1891 dico
336 1863 415 1891 enim
430 1863 524 1891 uobis.

748 1821 776 1844 et
791 1816 829 1844 ita
844 1816 981 1844 docuerit.
1017 1816 1063 1845 hic
1079 1825 1203 1853 magnus
1219 1816 1380 1844 uocabitur.
1417 1816 1445 1843 in
1461 1825 1553 1853 regno
1569 1816 1727 1844 caelorum.

567 1863 634 1900 quia
652 1863 706 1890 nisi
721 1863 911 1890 abundauerit
925 1863 1030 1891 iustitia
1045 1869 1141 1891 uestra
1159 1863 1315 1900 plusquam
1336 1863 1493 1891 scribarum
1513 1868 1541 1891 et
1559 1863 1728 1900 pharisaeo-

254 1977 292 2001 13.
311 1974 374 1995 estes
388 1970 419 1994 O.
453 1974 515 1994 terre
528 1970 557 1994 E.
592 1971 629 1994 sal
642 1970 729 1994 henan.
745 1971 774 1999 C,
787 1972 921 1995 saluauerit

219 2009 263 2033 L*.
309 2012 438 2033 sallietur
470 2009 668 2033 ADFMRXYZ
691 2010 720 2040 (f.
741 2011 791 2034 lUc.
815 2011 847 2034 ix.
871 2018 902 2042 49
915 2019 920 2034 ς

219 2049 319 2073 salietur
336 2048 720 2079 BCESPHQJKLMOQTVW
737 2057 775 2080 vg.
811 2050 921 2073 nihelum

221 2088 253 2117 R,
271 2088 391 2111 nichilum
407 2087 488 2112 OsflW.
518 2087 611 2111 ualebit
623 2088 759 2118 DffmVLQ.
788 2097 833 2112 om.
847 2091 922 2113 ultra

219 2127 297 2150 DEL.
322 2127 403 2150 hultra
416 2127 444 2150 C.
468 2128 612 2150 mittatur:
633 2127 766 2157 proiciatur
778 2128 806 2151 F.
829 2128 878 2151 hab
891 2128 920 2152 C.

219 2161 358 2189 ffdminibus
371 2166 400 2189 T.
435 2166 487 2188 Hic
499 2173 587 2189 uersus
599 2166 627 2188 in
639 2166 687 2188 duo
694 2169 780 2196 parles
791 2167 922 2190 diuiditur

220 2205 249 2228 in
261 2205 366 2228 editione
378 2204 541 2228 Iicntcm‘ana
554 2208 583 2227 ut
600 2205 633 2227 sit
647 2211 675 2234 13
687 2213 732 2228 uos
745 2224 750 2229 .
769 2224 775 2229 .
794 2224 799 2229 .
813 2206 920 2229 salietur.

222 2250 252 2274 14
272 2244 303 2267 ad
321 2243 427 2266 nihilum
440 2261 446 2266 .
464 2261 469 2267 ,
487 2261 493 2267 .
506 2243 662 2266 hominibus:
682 2244 765 2275 itaque
782 2245 922 2275 dz'scrcssant

220 2290 340 2305 uersuum
354 2282 458 2305 numeri
472 2290 549 2313 usque
561 2282 595 2305 ad
606 2290 670 2306 uers.
684 2290 713 2313 35
727 2291 806 2314 neque
818 2291 862 2314 per
874 2287 919 2307 ter-

219 2328 287 2344 ram:
305 2321 363 2344 uide
375 2321 409 2344 ad
419 2329 483 2344 uers.
498 2328 537 2351 34.

254 2367 292 2390 14.
313 2361 363 2383 lux
378 2367 395 2383 ÷
410 2360 482 2383 huius
500 2361 532 2383 D.
568 2360 706 2384 habscondi
724 2361 753 2384 C.
787 2364 870 2384 monte
888 2362 918 2385 Y.

220 2399 315 2430 possita
328 2399 486 2429 DEffLQR.

255 2445 291 2468 15.
310 2442 405 2469 ponont
424 2438 464 2462 Z*.
493 2446 522 2462 ea
543 2437 607 2462 CZ*.
643 2446 717 2469 supra
736 2439 918 2469 DEEvaLQR.

220 2477 408 2501 candellabrum
418 2477 529 2508 DEPLQ,
541 2477 721 2500 candillabmm
734 2478 764 2501 R.
784 2480 811 2500 ut
822 2477 919 2501 luceant

220 2516 294 2545 K*R,
312 2520 339 2539 ut
357 2521 381 2540 et
398 2516 479 2540 luceat
497 2517 526 2544 F,
544 2520 568 2540 et
585 2516 651 2540 lucet
669 2516 727 2545 Offiffy
746 2520 770 2540 et
788 2516 869 2540 lucent
887 2517 918 2540 Y.

219 2555 296 2578 domu
309 2555 494 2586 DKWsQRV,
509 2555 542 2578 do
555 2555 602 2585 L*(
611 2562 628 2579 4-
638 2564 679 2579 mo
692 2554 743 2586 Π).

256 2594 292 2618 16.
310 2597 405 2618 uestra
416 2597 491 2618 bona
503 2602 587 2622 opera
600 2595 670 2626 (hop.
683 2595 715 2624 C)
726 2602 780 2617 sum
795 2602 834 2625 gr.
853 2594 916 2618 codd.

215 2633 262 2663 pl„
274 2634 356 2657 Bcntl.
367 2642 372 2657 :
394 2637 420 2660 >
432 2633 497 2657 bona
510 2641 550 2664 op.
564 2637 643 2656 uestra
658 2633 691 2662 D,
705 2641 745 2664 op.
760 2636 840 2656 uestra
852 2633 918 2656 bona

221 2672 400 2703 EPRLOQTW
413 2681 452 2703 vg.
495 2674 666 2700 glorificent:
689 2672 845 2703 magnificent
864 2672 916 2696 ER.

1025 1976 1129 1995 uestrem
1142 1972 1169 1994 L.
1207 1973 1238 1994 in
1250 1972 1336 1995 caelis
1350 1970 1405 2001 (cel.
1419 1970 1485 2000 EVV)
1499 1973 1556 1994 est:
1578 1974 1603 1997 >
1616 1974 1651 1994 est
1665 1971 1688 1994 in
1705 1980 1726 1995 c.

1026 2010 1154 2034 BFHov.

1060 2055 1098 2080 17.
1116 2050 1265 2077 quoniam:
1290 2048 1348 2079 quia
1368 2048 1469 2078 CEQT.
1516 2051 1580 2071 aut:
1605 2052 1627 2071 et
1646 2048 1726 2072 DLT.

1024 2089 1086 2119 prof.
1097 2088 1231 2112 DJPLOR.
1250 2095 1308 2111 11011
1318 2089 1385 2110 ueni
1396 2089 1505 2110 soluere
1514 2093 1531 2110 ÷
1540 2087 1620 2117 legem
1629 2087 1652 2109 D
1662 2095 1725 2110 corr.

1024 2131 1076 2152 παῖ.
1091 2128 1152 2158 (non
1169 2128 1227 2158 mg.)
1241 2135 1296 2150 rum
1310 2126 1428 2157 patribus
1445 2126 1541 2156 aliquot
1556 2126 1610 2149 last.
1626 2129 1649 2149 et
1664 2129 1725 2149 uett.

1023 2175 1035 2189 c
1044 2167 1059 2189 lt
1071 2175 1092 2197 q.
1128 2166 1221 2197 adinpl.
1235 2166 1366 2189 CDffLR.

1060 2206 1096 2228 18.
1114 2213 1161 2229 om.
1172 2207 1277 2232 quippe
1290 2205 1319 2227 R.
1349 2204 1429 2227 celum
1440 2203 1480 2226 W.
1507 2205 1571 2226 terr}
1581 2203 1622 2233 Ns,
1635 2207 1725 2227 terram

1024 2243 1059 2267 E*
1067 2245 1102 2274 (m
1111 2245 1195 2271 eras).
1223 2246 1296 2267 iota:
1316 2244 1348 2266 ito
1359 2243 1401 2266 L*.
1432 2245 1496 2266 aut:
1516 2242 1555 2265 uel
1564 2242 1593 2265 R.
1626 2243 1684 2273 apix
1695 2243 1724 2266 C.

1023 2283 1168 2314 praeteriuit
1187 2284 1251 2313 (pre-
1270 2282 1306 2311 D)
1326 2281 1391 2309 02⁹⁵,
1437 2289 1453 2304 a
1474 2283 1551 2309 lege:
1575 2289 1604 2304 ex
1625 2281 1641 2305 l.
1666 2281 1723 2305 FH.

1023 2324 1129 2345 donec:
1152 2329 1279 2352 usquequo
1298 2322 1334 2349 L;
1364 2321 1437 2345 ÷ista
1456 2321 1486 2343 T.
1521 2322 1590 2344 fiant
1608 2320 1672 2344 codd.
1686 2321 1724 2352 pl.

1022 2364 1045 2384 et
1056 2369 1109 2391 vg:
1132 2360 1192 2384 fiunt
1205 2361 1236 2384 A.

1058 2407 1094 2430 19.
1113 2400 1155 2431 qui
1172 2407 1230 2423 uero
1244 2399 1273 2428 C,
1287 2399 1329 2429 qui
1347 2398 1412 2422 enim
1430 2398 1500 2421 BDL
1516 2401 1578 2428 (οφ.
1595 2405 1682 2427 o.⁴co›z.;
1703 2399 1724 2422 si

1022 2438 1076 2469 quis
1094 2446 1152 2469 ergo
1170 2438 1199 2461 R.
1239 2445 1284 2461 om.
1304 2439 1366 2460 istis
1384 2438 1433 2460 X&
1471 2441 1497 2464 >
1509 2437 1544 2461 sic
1562 2437 1673 2460 docuerit
1691 2437 1722 2461 R.

1021 2478 1152 2501 nocauitur
1172 2476 1243 2500 COX
1262 2476 1305 2500 bis.
1340 2476 1449 2499 celorum
1462 2476 1494 2499 W
1507 2476 1550 2500 bis.
1586 2476 1670 2500 fecerit
1688 2477 1724 2500 sic

1021 2520 1046 2540 et
1064 2516 1118 2540 doc.
1136 2516 1166 2546 Q,
1184 2516 1200 2539 f.
1219 2520 1242 2539 et
1260 2516 1294 2539 sic
1312 2515 1366 2539 doc.
1384 2516 1415 2544 R,
1432 2516 1476 2539 fec.
1493 2519 1516 2538 et
1534 2515 1588 2539 doc.
1609 2515 1643 2538 sic
1660 2515 1723 2539 ΞΡἬΨ.

1020 2563 1149 2583 magnus:
1164 2555 1287 2578 maximus
1297 2555 1326 2578 R.
1349 2555 1462 2578 Ceterum
1474 2554 1498 2577 D
1509 2562 1554 2577 om.
1566 2555 1615 2581 qui
1628 2557 1723 2577 autem

1020 2596 1119 2618 feeerit
1132 2602 1208 2625 usque
1220 2595 1338 2625 adfinem
1352 2602 1424 2623 κενῷ,
1434 2597 1457 2617 et
1467 2594 1501 2616 sic
1515 2594 1627 2617 lVallecri
1637 2602 1652 2616 τ
1662 2597 1684 2617 cl
1696 2594 1722 2617 S.

1019 2634 1067 2656 iolz.
1079 2641 1150 2657 oxon.

1053 2679 1090 2695 20.
1108 2673 1212 2696 Uersum
1221 2675 1297 2695 totum
1308 2680 1352 2696 om.
1364 2672 1392 2696 C.
1414 2674 1490 2695 enim
1500 2681 1504 2696 :
1519 2675 1599 2695 autem
1609 2671 1720 2694 ENPVG‘.
