2209 3147
687 261 913 291 CAPITULA
941 261 1049 289 ALIA
1076 262 1134 291 IN
1153 262 1432 292 MATTHEUM.

428 353 488 376 Par.
502 353 559 376 Lat.
575 353 660 383 10438.

324 398 396 427 fudit
413 403 499 435 caput
518 398 567 426 ihu
585 403 611 426 et
628 398 707 435 quod
725 398 805 426 iudas

324 446 453 482 precium
482 445 594 482 petierit
623 449 654 472 ut
683 444 806 473 traderet

324 492 503 520 saluatorem.

281 912 436 944 LXXXII.
456 914 502 943 De
517 923 552 944 eo
568 914 648 952 quod
658 915 739 943 iussit
751 914 804 943 dis-

322 963 424 999 cipulis
443 967 473 990 ut
494 967 627 999 pararent
647 962 757 1000 pascha
778 967 806 990 et

322 1010 357 1037 de
373 1014 553 1038 sacramento
569 1010 698 1046 corporis
714 1009 782 1037 eius.

281 1055 450 1084 LXXXIII.
470 1056 515 1085 De
531 1066 567 1085 eo
582 1057 662 1093 quod
673 1056 805 1093 discipuli

321 1103 381 1131 eius
393 1103 612 1132 scandalizaturi
625 1109 720 1132 essent
732 1110 759 1132 et
771 1104 806 1132 de

321 1151 450 1179 oratione
466 1151 535 1179 eius.

280 1196 465 1225 LXXXIIII.
490 1197 534 1226 De
563 1207 598 1226 eo
628 1197 708 1235 quod
737 1197 806 1226 dicit

320 1249 470 1281 tamquam
490 1245 527 1273 ad
542 1245 684 1273 latronem
700 1245 803 1273 existis.

279 1287 431 1319 LXXXV.
464 1291 509 1319 De
542 1301 577 1320 eo
613 1292 692 1329 quod
722 1291 804 1320 iudas

320 1338 497 1375 paenitentia
535 1339 638 1367 ductus
674 1339 803 1376 precium

320 1385 441 1422 proiecit
462 1385 491 1413 in
514 1386 663 1423 templum.

279 1431 446 1460 LXXXVI.
479 1432 525 1461 De
556 1442 592 1461 eo
626 1433 704 1470 quod
733 1433 803 1462 latro

319 1478 467 1507 dimittitur
502 1485 529 1508 et
570 1480 711 1509 innocens
748 1483 804 1517 xps

319 1526 466 1554 occiditur.

279 1571 463 1601 LXXXVII.
484 1573 529 1602 De
549 1584 584 1603 eo
604 1574 684 1612 quod
702 1574 803 1611 ioseph

319 1620 461 1657 sepelierit
477 1621 525 1649 dni
543 1630 649 1658 corpus
665 1622 721 1649 ihu.

278 1664 480 1695 LXXXVIII.
502 1667 548 1696 De
560 1678 595 1697 eo
607 1669 686 1706 quod
699 1678 804 1706 corpus

318 1714 367 1741 ihu
388 1714 546 1742 custoditur
565 1724 602 1743 ne
621 1725 638 1743 a
657 1715 804 1752 discipulis

319 1761 443 1789 tollatur.

278 1807 492 1836 LXXXVIIII.
516 1808 562 1837 De
594 1810 803 1837 resurrectione

319 1855 448 1883 scissima
466 1855 516 1883 dfii
534 1860 562 1884 et
584 1856 619 1884 de
642 1856 703 1884 eius
720 1865 802 1884 man-

319 1901 400 1930 datis.

278 1947 341 1977 XC.
371 1948 415 1977 De
444 1950 588 1986 baptismo
620 1950 700 1987 quod
729 1950 802 1979 cele-

320 1996 461 2024 brandum
478 1997 511 2024 sit
526 1997 555 2024 in
576 1998 694 2026 nomine
715 1998 802 2034 patris

319 2050 346 2070 et
362 2043 409 2070 filii
425 2049 453 2071 et
468 2046 517 2080 sps
533 2044 581 2072 sei.

1068 354 1199 378 Hilarius.

899 400 936 427 Et
962 400 997 428 de
1026 399 1127 428 decem
1152 400 1318 437 uirginibus.
1361 399 1407 427 De

900 446 1016 474 homine
1044 456 1164 483 peregre
1194 447 1332 484 profecto,
1358 446 1408 483 qui

899 493 1013 521 tradidit
1025 494 1213 522 substantiam
1224 503 1306 522 suam
1319 493 1408 521 seruis

900 540 966 567 suis.

858 585 1001 614 XXVIII.
1025 586 1070 615 De
1082 587 1208 615 aduentu
1220 586 1268 615 filii
1282 587 1408 615 hominis

899 633 1041 661 uenientis
1056 634 1092 661 ad
1108 634 1244 662 iudicium
1264 643 1330 662 curn
1346 642 1407 661 ma-

898 680 998 707 iestate
1020 689 1080 709 sua.

858 726 968 754 XXIX.
991 726 1036 755 De
1055 727 1174 756 muliere
1193 737 1267 764 quae
1288 728 1409 756 accessit

898 774 935 802 ad
967 774 1065 802 Iesum
1097 775 1126 802 in
1159 774 1248 803 domo
1281 775 1408 803 Simonis

899 821 1013 858 leprosi,
1032 822 1143 850 habens
1161 821 1333 850 alabastrum
1354 831 1408 849 un-

898 868 994 904 guenti
1014 868 1146 905 preciosi.

858 915 954 942 XXX.
977 915 1021 943 De
1047 916 1091 943 die
1112 916 1206 953 prima
1229 925 1407 953 azymorum,

898 962 927 989 in
947 971 1004 998 qua
1023 969 1204 991 accesserunt
1220 963 1353 1000 discipuli
1370 963 1408 991 ad

899 1009 996 1037 Iesum
1016 1010 1161 1038 dicentes:
1187 1010 1243 1038 Ubi
1262 1011 1306 1038 uis
1326 1020 1408 1048 pare-

898 1066 963 1084 mus
979 1057 1029 1084 tibi
1046 1057 1222 1086 manducare
1238 1058 1366 1094 pascha?

857 1103 968 1131 XXXI.
1000 1104 1088 1132 Uenit
1121 1104 1202 1132 Iesus
1234 1105 1264 1132 in
1296 1114 1407 1142 agrum,

899 1151 947 1188 qui
963 1151 1064 1179 dicitur
1079 1151 1278 1186 Gethsemani,
1294 1158 1322 1180 et
1342 1152 1408 1181 dicit

899 1198 1044 1235 discipulis
1088 1200 1165 1227 suis:
1215 1200 1317 1228 Sedete
1362 1200 1408 1227 hic

898 1245 990 1273 donec
1027 1255 1091 1274 eam
1126 1246 1192 1275 illuc
1229 1256 1320 1274 orare.
1370 1246 1408 1274 Et

898 1293 1006 1320 tristata
1032 1298 1075 1321 est
1104 1294 1200 1322 anima
1227 1294 1288 1322 eius
1317 1303 1408 1331 usque

897 1339 934 1367 ad
947 1346 1078 1368 mortem.
1108 1340 1146 1368 Et
1159 1341 1195 1369 de
1208 1341 1296 1369 calice
1309 1341 1409 1369 mortis

898 1386 985 1414 dicit:
1023 1387 1109 1415 Pater
1138 1388 1161 1415 si
1190 1387 1327 1424 possibile
1358 1393 1407 1422 est,

899 1439 1024 1462 transeat
1050 1444 1067 1462 a
1089 1444 1135 1462 me
1161 1435 1235 1463 calix
1260 1435 1320 1463 iste.
1364 1434 1409 1463 De

898 1481 998 1517 spiritu
1018 1487 1157 1519 prompto
1177 1488 1205 1510 et
1226 1491 1313 1510 carne
1333 1482 1409 1509 infir—

898 1537 955 1556 ma.
999 1528 1036 1556 Et
1059 1538 1172 1557 rursum
1200 1529 1235 1557 de
1264 1538 1300 1557 eo
1330 1528 1409 1566 quod

898 1575 988 1603 dixit:
1023 1575 1109 1604 Pater
1140 1585 1200 1604 non
1234 1580 1329 1613 potest
1361 1576 1408 1604 hic

897 1621 971 1649 calix
988 1623 1115 1656 transire,
1128 1623 1182 1650 nisi
1194 1623 1273 1650 illum
1289 1623 1407 1651 bibam?

899 1668 946 1695 fiat
961 1669 1098 1697 uoluntas
1114 1674 1168 1697 tua.

857 1714 985 1743 XXXII.
1006 1715 1052 1744 De
1064 1716 1144 1751 Iuda,
1155 1717 1204 1753 qui
1215 1722 1275 1745 erat
1286 1726 1361 1744 unus
1372 1717 1407 1744 de

898 1761 1050 1790 duodecim
1061 1763 1214 1800 discipulis,
1225 1764 1358 1791 ueniente
1371 1763 1407 1791 ad

898 1809 994 1837 Iesum
1023 1818 1090 1838 cum
1118 1810 1242 1847 plurima
1268 1811 1352 1838 turba
1377 1815 1406 1838 ut

896 1865 962 1883 eum
977 1856 1107 1884 traderet.
1143 1856 1188 1885 De
1203 1857 1298 1894 gladio
1319 1867 1405 1894 quem

897 1903 977 1931 iussit
987 1903 1073 1931 Petro
1086 1910 1253 1932 conuertere
1266 1905 1295 1932 in
1311 1905 1406 1933 Iocum

896 1959 989 1978 suum.

854 1996 998 2025 XXXIII.
1022 1997 1067 2025 De
1090 1997 1182 2026 Pilato
1205 2008 1272 2026 cum
1295 1998 1406 2026 sederet

896 2053 950 2080 pro
974 2045 1116 2079 tribunali,
1133 2051 1160 2073 et
1180 2055 1245 2073 cum
1268 2046 1344 2073 misit
1370 2045 1405 2073 ad

895 2091 972 2118 illum
1000 2100 1074 2119 uxor
1098 2101 1157 2125 sua,
1180 2092 1298 2120 dicens:
1328 2091 1405 2119 Nihil

896 2138 945 2165 tibi
961 2139 996 2166 sit
1011 2144 1039 2166 et
1054 2139 1129 2166 iusto
1149 2139 1201 2167 isti.
1245 2139 1290 2167 De
1313 2144 1404 2167 trans-

895 2185 1030 2213 euntibus
1074 2186 1151 2214 iuxta
1195 2195 1319 2221 crucem,
1357 2186 1404 2224 qui

895 2233 1054 2260 mouebant
1080 2233 1173 2269 capita
1200 2242 1251 2260 sua
1276 2239 1303 2261 et
1329 2233 1404 2261 dice-

894 2279 984 2307 bant:
1016 2278 1074 2307 Hic
1099 2284 1142 2307 est
1167 2280 1216 2316 qui
1240 2280 1404 2308 destruebat

895 2326 1044 2362 templum,
1069 2331 1096 2354 et
1122 2326 1152 2354 in
1179 2327 1305 2355 triduum
1336 2327 1405 2355 illud

894 2373 1104 2401 reaedificabat.

1041 2431 1144 2455 Elenchi
1156 2431 1218 2456 finis.

1771 264 1830 304 691

1518 354 1639 378 Rabanus
1655 355 1774 379 Maurus.

1502 399 1538 428 de
1568 400 1658 428 Iudae
1694 401 1836 430 traditoris

1502 447 1591 483 petito
1606 447 1714 484 pretio;
1737 448 1772 476 de
1787 457 1836 476 ex-

1502 500 1593 522 trema
1605 504 1705 530 coena,
1718 501 1746 524 et
1761 505 1836 533 quae

1502 541 1540 569 ibi
1560 547 1588 569 et
1607 542 1636 569 in
1659 542 1743 571 horto
1766 552 1836 571 con-

1501 589 1633 624 tigerunt.

1461 1061 1587 1090 XXVII.
1625 1062 1706 1091 Iesus
1745 1062 1837 1090 Pilato

1501 1109 1627 1144 traditur,
1635 1109 1722 1138 Iudas
1732 1110 1837 1147 laqueo

1502 1156 1583 1192 perit,
1627 1162 1654 1184 et
1699 1157 1734 1184 de
1778 1161 1838 1184 tota

1502 1202 1608 1231 Christi
1629 1203 1749 1231 Domini
1771 1212 1837 1240 pas-

1503 1249 1591 1278 sione.
