2209 3147
398 324 499 355 DEPQR
510 331 567 346 aur.

275 376 317 399 est
331 370 475 406 Acceptus
495 368 606 406 profeta
627 369 681 396 nisi
701 369 730 396 in

274 417 366 455 patria
380 425 441 444 sua.

232 603 317 631 VIII.
340 602 384 630 IN
408 611 557 640 synagoga
582 602 730 631 hominem

273 650 428 678 habentem
452 649 621 677 demonium
646 658 731 677 mun-

273 697 362 725 dauit.

233 1268 333 1297 VIIII.
355 1268 414 1297 Ubi
437 1268 575 1306 apostolis
598 1267 667 1296 dicit
689 1267 733 1295 ihs

274 1316 378 1344 Uenite
400 1321 466 1353 post
484 1325 531 1343 me
554 1315 659 1343 faciam
679 1323 733 1343 uos

274 1363 334 1391 fieri
349 1363 504 1400 piscatores
519 1362 679 1391 hominum.

234 1456 270 1484 X.
292 1456 351 1484 Ubi
366 1457 496 1493 leprosus
510 1456 622 1493 rogauit
633 1455 692 1483 ihm
705 1460 733 1483 et

274 1503 425 1531 mundauit
441 1512 515 1531 eum.

235 1550 287 1578 XI.
319 1550 500 1578 Paraliticum
530 1550 649 1578 Curauit
678 1550 733 1578 dfis

276 1597 324 1634 qui
341 1597 444 1625 tollens
464 1601 629 1634 grauattum
648 1606 733 1625 suum

276 1644 344 1672 abiit
359 1644 388 1671 in
405 1644 526 1671 domum
543 1653 635 1671 suum.

236 1783 305 1812 XII.
327 1784 366 1812 Et
382 1789 497 1812 secutus
515 1784 584 1812 dfim
606 1784 733 1821 puplica-

276 1840 330 1859 nus
351 1831 469 1859 nomine
490 1831 545 1859 leui
561 1836 588 1859 et
604 1831 674 1859 dixit
690 1832 734 1859 ihs

276 1877 374 1905 Nemo
396 1878 480 1906 mittit
503 1878 604 1906 uinum
624 1888 734 1907 nouum

277 1925 307 1952 in
320 1929 398 1953 utres
413 1930 533 1953 ueteres.

270 2160 327 2182 VII.
352 2164 378 2186 >
390 2161 478 2191 proph.
502 2165 616 2192 acceptus
640 2161 663 2185 G
677 2170 734 2186 aur.

236 2200 281 2218 om.
295 2194 351 2215 nisi
364 2192 443 2223 §PGQ
452 2201 508 2217 aur.

269 2225 342 2248 VIII.
360 2226 462 2249 mundat
475 2226 506 2249 G.

269 2257 357 2282 VIIII.
376 2266 422 2281 om.
438 2260 489 2281 ubi
508 2258 594 2282 Gaur.
629 2267 675 2283 om.
691 2261 735 2283 ihs

237 2291 268 2320 Q.
297 2298 343 2313 om.
355 2294 420 2318 post
432 2298 475 2314 me
489 2291 566 2322 {PGQ
574 2299 631 2315 aur.
661 2294 734 2316 fieri:

236 2323 362 2346 uiuificare
375 2323 399 2346 G
410 2332 415 2352 ;
432 2332 478 2346 om.
492 2324 522 2354 Q.

270 2356 301 2379 X.
319 2363 366 2379 om.
376 2358 426 2379 ubi
435 2364 492 2379 aur.
502 2360 525 2379 et
538 2360 565 2382 >
577 2357 673 2387 rogauit
685 2357 736 2380 ihm

236 2388 354 2419 leprosus.
387 2390 515 2416 leprosus
525 2397 530 2412 :
560 2390 651 2419 incepit
674 2397 737 2420 apos

235 2421 338 2444 scribere
350 2421 375 2443 D
388 2421 429 2444 scd
438 2422 553 2445 correxit.
588 2422 629 2445 lta
641 2422 701 2453 legit
712 2423 735 2446 G

237 2453 304 2484 quod
316 2454 440 2484 leprosum
452 2455 581 2478 mundauit
592 2454 638 2478 ihs.

270 2486 316 2509 XI.
341 2487 409 2510 ÷nbi
425 2487 459 2509 ad
472 2487 529 2510 init.
546 2487 577 2510 G.
612 2489 734 2510 curauit:
762 2497 763 2500 ¹

238 2518 366 2543 inundauit
376 2519 407 2542 G.
438 2519 535 2543 tolleret
544 2527 600 2542 aar.
634 2519 736 2543 domum

237 2559 307 2574 suam
319 2551 372 2581 {PQ
381 2560 438 2575 aur.

271 2583 330 2608 XII.
348 2587 377 2607 et
387 2584 421 2607 ad
428 2585 496 2607 inita
513 2593 559 2609 om.
568 2593 637 2612 au7'.;
654 2585 695 2608 ubi
705 2586 736 2609 G.

240 2620 352 2640 secutus
369 2623 385 2640 ÷
403 2621 438 2640 est
462 2617 548 2648 ffGQ.
583 2619 666 2641 dfim:
691 2618 736 2641 cifis

238 2649 309 2679 lapsu
322 2649 363 2678 D;
380 2649 431 2673 ihm
445 2650 474 2680 Q.

808 238 1069 268 SECUNDUM
1088 239 1259 268 LUCAM.

948 323 966 345 J
977 323 1118 353 (capitula).

826 368 862 396 de
887 367 983 395 multis
1007 368 1102 396 uiduis
1126 368 1180 396 sub
1209 368 1282 396 helia

825 419 853 442 et
868 414 904 442 de
920 414 1035 451 leproso
1051 415 1105 442 sub
1120 414 1254 443 helisaeo.

785 601 886 631 VIIII.
903 602 961 630 Ubi
978 602 1007 629 in
1024 611 1175 639 synagoga
1189 602 1281 631 homi-

824 658 892 677 nem
916 649 1103 677 daemonium
1129 649 1283 678 habentem

826 696 935 723 curauit
964 700 993 723 et
1021 705 1136 724 socrum
1166 696 1238 733 petri
1267 706 1284 724 a

825 742 951 771 febribus
987 742 1118 770 liberauit
1150 748 1177 771 et
1213 743 1284 771 alios

825 789 931 818 multos
947 790 1068 817 sanauit.

785 1172 821 1200 X.
845 1172 903 1200 Ubi
921 1173 951 1199 in
971 1177 1075 1209 stagno
1095 1180 1239 1209 gennesar
1255 1172 1285 1199 in

827 1219 959 1247 nauicula
975 1219 1054 1247 sedet
1070 1224 1097 1247 et
1113 1218 1149 1247 de
1167 1223 1286 1255 captura

827 1267 951 1303 piscium
980 1271 1007 1294 et
1037 1266 1072 1293 de
1109 1266 1222 1294 simone
1258 1270 1285 1293 et

827 1313 933 1341 iacobo
950 1318 978 1341 et
993 1312 1125 1341 fratribus
1140 1321 1250 1340 eorum.

787 1360 839 1388 XI.
862 1360 920 1388 Ubi
936 1360 1083 1397 leprosum
1098 1359 1257 1387 mundauit.

788 1548 855 1575 XII.
879 1547 937 1575 Ubi
960 1548 1149 1585 paralyticum
1175 1548 1285 1576 curauit

828 1595 877 1632 qui
892 1599 920 1623 et
935 1595 1039 1623 lectum
1055 1604 1139 1623 suum
1152 1595 1285 1632 portauit.

788 1782 872 1810 XIII.
895 1782 953 1810 Ubi
973 1782 1029 1811 leui
1052 1783 1168 1811 uocauit
1190 1783 1225 1811 de
1248 1789 1287 1811 te—

829 1829 907 1857 lonio
923 1835 950 1857 et
965 1839 1031 1857 cum
1047 1830 1209 1867 publicanis
1221 1831 1287 1858 ede-

830 1876 878 1903 bat
900 1881 927 1904 et
952 1877 1001 1904 ubi
1028 1877 1176 1913 requirunt
1199 1887 1287 1915 quare

831 1923 963 1960 discipuli
988 1923 1048 1951 eius
1077 1933 1137 1952 non
1160 1924 1289 1952 ieiunant

830 1974 858 1997 et
873 1979 986 2007 pannus
1002 1975 1029 1998 et
1044 1976 1123 1999 utres
1138 1976 1257 2000 ueteres.

1771 249 1831 282 279

1397 323 1420 346 K
1432 324 1509 346 Harl.
1525 328 1588 354 ²790
1598 325 1678 347 Nunc.
1689 325 1776 348 Bamb.

1336 609 1421 637 VIII.
1445 609 1503 637 Ubi
1532 610 1561 637 in
1592 619 1742 647 synagoga
1767 611 1833 639 dae-

1376 665 1496 683 monem
1519 656 1599 693 pellit
1624 666 1740 685 socrum
1761 658 1834 694 petri

1377 703 1424 731 uel
1439 703 1509 731 alios
1525 703 1631 732 multos
1648 709 1739 732 sanat.

1338 1175 1438 1203 VIIII.
1460 1175 1519 1203 Ubi
1541 1175 1576 1203 de
1599 1175 1733 1203 nauicula
1752 1175 1838 1204 docet

1379 1222 1522 1260 populum
1537 1227 1565 1250 et
1577 1226 1696 1259 captura
1707 1222 1838 1260 piscium.

1339 1364 1374 1391 X.
1398 1363 1443 1392 De
1458 1363 1666 1392 emundatione
1681 1363 1793 1400 leprosi.

1340 1551 1392 1580 XI.
1416 1552 1460 1580 De
1477 1551 1626 1589 paralitico
1643 1557 1753 1580 sanato.

1341 1779 1409 1807 XII.
1432 1779 1476 1807 De
1495 1780 1664 1808 euocatione
1686 1779 1741 1807 leui
1768 1784 1842 1807 mat-

1382 1826 1439 1854 thei
1455 1826 1656 1863 apostolatum.

1375 2164 1420 2186 XI.
1440 2166 1538 2187 sanato
1551 2172 1555 2186 :
1568 2167 1651 2187 curato
1660 2163 1739 2186 Nam.
1752 2163 1841 2187 Bamb.

1340 2196 1432 2252 NXII.
1452 2196 1583 2220 uocatione
1600 2196 1682 2219 Nam.
1701 2195 1842 2226 apostolatu

1368 2237 1421 2252 nnc.

1531 2702 1622 2734 sz
