2209 3147
871 294 921 322 CA
929 295 1100 323 PJTFLA
1130 295 1264 324 NOUA.
1754 298 1815 336 675,

311 388 398 416 XLII
421 386 552 428 [XLIII]
577 387 633 415 Ubi
656 392 844 415 accussantur
866 387 996 423 discipuli
1019 387 1170 415 saluatoris
1192 388 1270 424 quod
1293 397 1351 415 non
1375 388 1471 416 lauent
1494 397 1597 416 manus
1618 394 1645 417 et
1668 389 1712 417 ille
1735 390 1817 418 docet

391 440 492 472 pectus
507 444 570 462 esse
587 433 743 461 lauandum

309 481 409 509 XLIII
431 478 577 519 [XLIIII]
598 480 731 508 Mulieris
745 479 926 508 channanaei
939 480 1024 507 filiam
1042 489 1057 507 a
1071 480 1226 508 daemonio
1238 481 1347 508 curauit
1360 486 1401 509 .et
1418 482 1447 509 in
1460 487 1559 510 monte
1571 482 1676 510 sedens
1689 482 1817 510 diuersos

389 528 519 556 infirmos
535 527 644 555 curauit

308 574 424 602 XLIIII
448 571 560 613 [XLV]
583 573 642 601 Ubi
659 573 701 601 ihs
717 573 752 601 de
769 572 846 600 -VH-
864 573 988 610 panibus
1003 578 1031 601 et
1047 574 1146 610 paucis
1167 573 1313 610 pisciculis
1330 574 1435 602 -11110r
1451 575 1528 602 milia
1549 576 1628 612 pauit
1650 581 1677 604 et
1701 577 1817 604 saducei

391 621 507 657 signum
526 618 656 659 [petunt]

307 667 391 695 XLV
414 666 539 707 [XLVI]
565 667 609 694 De
625 667 795 704 episcopatu
812 667 882 703 petri
902 676 989 703 supra
1004 672 1124 703 petram.

308 713 406 742 XLVI
431 712 574 753 [XLVII]
599 714 656 741 Vbi
678 719 776 750 petrus
797 714 832 741 de
851 714 987 750 passione
1002 714 1071 751 quia
1091 714 1203 742 timeret
1224 715 1408 750 increpatur.
1426 719 1453 742 et
1473 715 1541 743 dicit
1562 716 1605 744 ihs
1621 716 1669 754 qui
1689 717 1749 744 uult
1771 727 1818 745 rne

388 762 469 798 sequi
495 761 575 788 tollat
601 770 718 788 crucem
745 769 827 788 suam
852 765 879 788 et
905 765 1043 798 sequatur
1065 782 1070 788 .
1091 765 1119 788 et
1144 769 1231 798 quam
1258 760 1337 788 dabit
1363 761 1452 789 homo
1479 764 1738 791 commotationem
1764 773 1817 801 pro

390 809 487 835 anima
503 817 564 835 sua.
704 812 708 815 '

307 855 423 883 XLVII
448 852 609 894 [XLVIII]
633 854 667 882 In
690 859 790 886 monte
812 863 878 882 cum
901 862 1022 891 moysen
1045 860 1072 882 et
1095 854 1199 882 heliam
1223 859 1344 891 apparet
1366 860 1393 883 et
1416 861 1498 892 pater
1520 856 1586 884 dicit
1612 856 1657 885 hic
1679 863 1721 886 est
1743 857 1817 885 filius

390 902 511 930 dilectus
527 902 622 938 ipsum
640 901 734 930 audite

308 949 439 977 XLVIII
462 946 639 988 [XLVIIII]
667 948 792 976 Puerum
815 948 970 976 lunaticum
996 948 1087 976 saluat
1105 971 1109 976 .
1125 954 1152 976 et
1175 949 1241 977 dicit
1265 950 1287 977 si
1310 949 1466 978 habueritis
1489 950 1574 979 fidem
1598 951 1670 979 sicut
1692 961 1817 989 granum

390 1005 498 1033 sinapis

307 1042 454 1071 XLVIIII
479 1041 531 1081 [L]
556 1042 601 1070 De
623 1043 758 1079 passione
775 1051 826 1070 sua
847 1042 985 1080 praedicit
1002 1043 1055 1071 dns
1071 1049 1097 1070 et
1114 1042 1149 1070 de
1165 1048 1268 1071 statere
1285 1044 1313 1071 in
1330 1053 1379 1071 ore
1396 1045 1482 1081 piscis
1500 1067 1505 1073 .
1522 1045 1557 1073 de
1572 1045 1730 1074 humilitate
1746 1047 1817 1074 sicut

389 1099 511 1127 puerum
528 1112 534 1119 .
552 1095 579 1117 et
594 1089 629 1117 de
644 1099 732 1117 manu
748 1095 776 1117 et
793 1090 867 1126 pede
882 1095 909 1117 et
924 1089 1009 1117 oculo
1025 1089 1154 1118 eruendo
1171 1111 1177 1117 .
1192 1095 1219 1118 et
1237 1090 1273 1118 de
1288 1100 1345 1118 una
1361 1100 1415 1118 oue
1432 1093 1553 1120 erratica

307 1136 332 1165 L
356 1135 424 1176 [LI]
448 1136 493 1164 De
509 1137 693 1173 correptione
708 1136 826 1164 fratrum
841 1142 868 1164 et
884 1136 1033 1173 indulgere
1049 1137 1145 1164 deberi
1162 1137 1325 1165 alterutrum

308 1184 347 1211 LI
371 1182 455 1224 [LII]
480 1183 538 1218 Qui
555 1193 731 1212 conseruum
748 1188 866 1220 propter
881 1184 1013 1211 denarios
1029 1189 1146 1212 centum
1162 1184 1284 1212 suffocat

307 1230 363 1258 LII
387 1228 487 1269 [LIII]
510 1230 642 1258 Uxorem
660 1240 719 1258 non
735 1230 818 1258 licere
834 1230 936 1258 dimitti
953 1236 980 1258 et
996 1231 1030 1258 de
1045 1230 1184 1258 eunuchis
1200 1232 1248 1268 qui
1265 1240 1294 1259 se
1309 1232 1390 1268 ipsos
1407 1233 1672 1262 eunuchizauerunt

307 1277 379 1305 LIII
404 1275 519 1316 [LIIII]
544 1276 632 1311 Quod
650 1278 836 1314 paruulorum
857 1277 889 1305 sit
909 1286 1029 1313 regnum
1052 1277 1197 1305 caelorum
1221 1282 1248 1305 et
1271 1278 1306 1305 de
1326 1279 1416 1306 diuite
1439 1280 1518 1316 quod
1542 1280 1655 1308 difficile
1681 1283 1765 1310 intret
1788 1283 1815 1310 in

388 1333 511 1361 regnum
527 1324 672 1352 caelorum
689 1329 716 1352 et
732 1324 767 1352 de
783 1324 883 1361 primis
899 1330 926 1352 et
942 1324 1108 1352 nouissimis
1123 1324 1190 1352 fieri.

307 1371 394 1399 LIIII
418 1369 499 1410 [LV]
522 1371 568 1398 De
584 1371 688 1408 operiis
704 1371 855 1399 conductis
870 1371 899 1398 in
915 1371 1031 1398 uincam
1049 1393 1054 1399 .
1070 1376 1097 1399 et
1113 1371 1148 1398 de
1164 1371 1297 1399 mercede
1312 1372 1444 1409 ipsorum

306 1418 361 1446 LV
384 1416 481 1457 [LVI]
505 1417 595 1452 Quod
615 1418 688 1445 filius
711 1417 835 1446 hominis
858 1417 1012 1445 tradendus
1036 1418 1069 1445 sir
1092 1423 1119 1445 et
1141 1418 1176 1446 de
1196 1418 1257 1445 filiis
1279 1419 1395 1447 zebedei
1416 1425 1465 1448 .et
1488 1421 1523 1449 de
1545 1422 1645 1459 primis
1668 1423 1815 1451 discubitis

388 1475 417 1493 in
433 1474 520 1493 cenis.

307 1512 376 1540 LVI
399 1509 517 1551 [LVII]
540 1511 584 1540 De
601 1512 714 1540 duobus
731 1512 806 1540 cecis
823 1512 988 1540 sedentibus
1007 1521 1090 1540 secus
1106 1512 1191 1539 uiam.

308 1565 393 1593 LVII
418 1563 550 1604 [LVIII]
573 1565 618 1593 De
640 1566 722 1593 asino
744 1571 772 1593 et
795 1565 873 1602 pullo
895 1574 969 1602 quos
994 1565 1073 1593 iussit
1099 1565 1142 1593 ihs
1167 1566 1219 1593 sibi
1242 1566 1346 1595 adduci
1369 1572 1395 1595 et
1417 1569 1483 1605 quia
1508 1570 1607 1598 turbae
1628 1570 1814 1600 clamabant.

390 1622 503 1641 osanna
518 1612 577 1640 filio
593 1612 680 1640 dauid
696 1634 701 1639 .
717 1617 744 1640 et
760 1612 970 1640 nummolarios
988 1612 1052 1640 iecit
1069 1612 1103 1640 de
1120 1613 1230 1650 templo

307 1659 408 1687 LVIII
433 1657 579 1698 [LVIIII]
602 1659 648 1687 De
671 1660 773 1687 arbore
794 1658 850 1687 fico
872 1668 946 1696 quae
966 1659 1043 1686 arida
1068 1659 1142 1687 facta
1164 1665 1205 1687 est
1222 1681 1226 1687 .
1244 1666 1271 1688 et
1295 1661 1342 1689 ubi
1367 1662 1555 1700 interrogatur
1575 1664 1618 1692 ihs
1639 1665 1814 1702 baptismum

389 1706 521 1734 iohannis
536 1707 613 1734 unde
629 1706 663 1734 sit

307 1753 423 1781 LVIIII
447 1751 530 1792 [LX]
554 1752 601 1780 De
623 1753 740 1781 homine
763 1753 810 1789 qui
835 1753 908 1780 duos
931 1752 1004 1780 filios
1027 1753 1055 1780 in
1078 1753 1191 1780 uineam
1213 1754 1295 1782 mittit
1313 1778 1317 1782 .
1335 1761 1362 1783 et
1384 1757 1522 1793 parabola
1545 1758 1581 1786 de
1603 1759 1764 1796 puplicanis
1787 1767 1813 1789 et

387 1800 591 1828 meretricibus.

339 1931 421 1954 XLII.
439 1934 584 1955 accusantur
598 1930 684 1954 ΒιιηιΙνΔ
696 1931 755 1954 Par.
781 1931 865 1954 lauunt
878 1949 882 1954 .
893 1949 897 1953 .
910 1950 914 1954 .
929 1931 1009 1954 leuan-
1107 1932 1194 1955 Bamh.
1224 1934 1298 1955 sicut
1310 1940 1443 1960 puerum:
1462 1934 1529 1965 pueri
1542 1936 1600 1958 Par.
1635 1944 1679 1959 om.
1695 1939 1813 1961 erratica

308 1970 367 1993 dum
381 1970 469 1993 Bamh.
1108 1969 1195 1992 Bamb.

340 2009 435 2032 XLIII.
454 2009 613 2032 channanene
624 2008 675 2032 Bas
685 2027 690 2035 ,
703 2008 843 2032 chananeae
855 2009 934 2032 Eamb
950 2010 1010 2032 Par,

308 2047 425 2071 demonio
437 2048 498 2070 Par.

340 2087 450 2110 XLIIII.
466 2090 560 2118 septem
573 2087 660 2110 Bamb.
675 2087 733 2110 Bas.
749 2087 811 2110 Far.
837 2095 928 2118 paucos
942 2088 1011 2118 pisci-

307 2125 377 2148 culos
405 2125 464 2148 Bas.
493 2125 581 2149 Bamb.
609 2125 741 2156 (pisculos)
755 2134 759 2153 ;
789 2126 875 2157 paucis
903 2126 1012 2157 piscibus

308 2165 370 2187 Par.
405 2168 520 2195 quattuor
532 2164 619 2187 Bamb.
657 2172 702 2187 om.
714 2167 779 2195 quat.
793 2165 844 2188 mil.
859 2166 920 2188 Par.
955 2165 1011 2188 sad-

308 2202 395 2226 ducaei
418 2203 509 2226 Bamb.
533 2204 593 2226 Bas.
639 2206 741 2230 petunt
764 2211 810 2226 om.
841 2203 911 2234 lapsu
935 2205 995 2228 Ber.
1007 2213 1011 2230 ;

308 2245 391 2273 petent
401 2243 473 2269 Pam
489 2242 575 2265 deinde
589 2249 606 2265 ψ
621 2246 643 2266 et
656 2249 663 2271 Q
674 2249 691 2266 ÷
699 2242 729 2266 de
738 2243 798 2266 Bas.
810 2243 882 2274 Par.)
893 2244 1012 2267 fermento

309 2280 492 2311 pharisaeorum
505 2281 593 2305 Bamh.
606 2281 665 2305 Bas.
680 2282 741 2304 Par.
757 2281 955 2312 (phariseorumi.

340 2320 418 2343 XLV.
438 2320 548 2350 episcotu
561 2321 632 2351 lapsu
646 2321 704 2344 Ber.
740 2328 812 2351 super
824 2321 884 2344 Par.

340 2358 434 2382 XLVI.
474 2366 552 2381 suam
566 2367 570 2382 :
611 2367 654 2382 sua
683 2359 741 2382 Bas.

308 2396 397 2419 Bamb.
410 2396 470 2419 Bas,
484 2397 543 2419 Par.

342 2434 447 2457 XLVII.
467 2441 551 2464 moyse
564 2434 651 2457 Bamh.
663 2435 733 2462 Bas,
747 2443 842 2465 moyses
856 2436 915 2459 Par.
946 2436 1012 2459 helia

308 2473 407 2501 Bamb,
427 2472 475 2496 elia
495 2473 563 2501 Bas,
585 2473 669 2503 helyas
693 2475 754 2497 Par.
806 2478 925 2505 apparent
950 2476 1011 2498 Par.

308 2514 384 2535 filius
394 2518 410 2535 ÷
419 2520 488 2534 meus
501 2512 588 2535 Bamb,
603 2513 662 2535 Bas.
674 2513 734 2536 Par.

342 2550 462 2574 XLVIII.
480 2558 526 2574 om.
541 2552 624 2573 fidem
638 2551 724 2574 Bamlr.

342 2589 476 2612 XLVIIII.
497 2589 601 2620 predicit
614 2591 674 2613 l’ar.
711 2593 814 2614 statere
830 2593 877 2614 in:
898 2594 1010 2614 stateram

793 2360 1011 2383 commutationem

1139 2008 1167 2032 L.
1187 2009 1306 2040 indulgeri
1320 2010 1407 2032 Bamh.

1139 2047 1208 2071 LIII.
1229 2048 1337 2071 celorum
1351 2048 1387 2071 his
1401 2050 1459 2072 Par.
1494 2058 1539 2072 om,
1550 2052 1632 2082 depr.
1644 2052 1729 2075 Bamb.
1765 2061 1803 2077 om

1106 2087 1195 2109 intret
1219 2088 1278 2110 Par.
1328 2088 1352 2110 in
1377 2096 1477 2118 regnum
1503 2089 1652 2113 incaelorum
1673 2092 1732 2114 Bas.
1781 2093 1811 2116 de

1107 2126 1199 2156 primos
1212 2126 1359 2150 nouissimos
1372 2126 1423 2150 fieri
1436 2128 1517 2150 Bamh
1539 2129 1597 2151 Bas.
1609 2130 1669 2153 Par.
1683 2131 1799 2161 (pl-imis&

1139 2164 1222 2188 LIIII.
1255 2166 1372 2196 operariis
1390 2167 1487 2191 Bamb.
1509 2168 1629 2197 operariis
1649 2168 1705 2193 Bas.
1740 2170 1810 2193 uinea

1107 2203 1194 2226 Bamb.
1210 2204 1268 2227 Bas.
1285 2205 1343 2227 Par.
1380 2204 1478 2235 isorum
1491 2205 1562 2236 lapsu
1574 2207 1663 2232 Bamb,

1140 2242 1193 2265 LV.
1213 2243 1323 2266 zebedaei
1338 2243 1406 2268 Bas..
1420 2244 1526 2267 zebedeii
1540 2245 1627 2267 Bamb.
1664 2246 1749 2277 primis
1761 2247 1809 2271 dis-

1106 2281 1169 2304 cutis
1191 2281 1262 2312 lapsu
1281 2282 1353 2309 Ber.;
1380 2290 1415 2313 pr.
1436 2283 1599 2307 discubitibus
1616 2285 1693 2313 Par.;
1718 2287 1810 2317 primos

1107 2319 1242 2343 discubitos
1255 2321 1343 2343 Bamb.
1364 2322 1422 2344 Bas.
1458 2322 1539 2345 caenis
1552 2323 1639 2346 Bam&
1654 2325 1712 2348 Bas.

1141 2359 1206 2382 LVI.
1226 2360 1306 2382 caecis
1318 2360 1405 2383 Bamb.

1140 2398 1221 2420 LVII.
1241 2400 1332 2421 iesus:
1357 2399 1472 2422 dominus
1491 2400 1553 2423 Par.
1587 2401 1658 2425 turbe
1676 2403 1735 2426 Bas.
1773 2402 1808 2426 fili

1107 2437 1166 2459 Par.
1194 2439 1222 2459 et
1234 2440 1289 2460 tert.
1299 2443 1317 2461 ÷
1326 2437 1355 2461 de
1367 2439 1422 2461 Par
1456 2440 1634 2464 nummularios
1648 2441 1745 2469 Bamb,
1758 2442 1809 2465 -riis

1107 2476 1180 2503 Pa».;
1196 2476 1283 2499 das'nde
1293 2483 1307 2498 ψ
1317 2485 1378 2508 quos
1390 2478 1451 2500 Par.
1477 2478 1547 2501 eiecit
1558 2479 1645 2503 Bamb.
1655 2480 1727 2504 Par..
1738 2481 1809 2504 iaecit

1106 2515 1166 2537 Bas.
1202 2515 1232 2538 de
1245 2514 1288 2545 plo
1300 2515 1374 2539 Bau*
1389 2517 1459 2545 (corr.
1473 2516 1553 2547 Ben')

1141 2553 1237 2577 LVIII.
1256 2554 1303 2577 ficu
1316 2555 1405 2578 Bamb.
1420 2556 1478 2579 Bas.
1516 2557 1675 2587 interrogauit
1690 2558 1749 2581 Par.

1140 2592 1248 2615 LVIIII.
1268 2593 1407 2623 publicanis
1421 2595 1506 2618 Bamh.
1523 2596 1585 2618 Far.
