2209 3147
706 243 790 273 SEC
796 243 890 273 UND
897 243 966 272 UM
986 243 1051 271 MA
1058 243 1200 273 RCUM.

410 327 508 352 DffGJ
523 328 655 359 (capitula)
670 328 693 358 Q
707 328 795 359 (amn).

154 375 252 403 XIIII.
278 375 313 402 In
342 374 459 411 regione
488 375 687 411 gerasinorum
716 374 865 403 hominem
895 384 911 402 a
940 374 1054 411 legione

194 422 353 450 mundanit.

153 469 218 498 XV.
241 469 276 497 Et
294 478 360 497 cum
376 468 463 496 filiam
478 468 615 505 principis
631 477 647 496 a
662 473 754 496 morte
775 468 896 496 saluaret
911 472 939 496 et
954 468 1053 496 mulie-

193 525 254 544 rem
269 525 285 544 a
301 515 425 553 profluio
440 515 587 552 sanguinis
602 520 691 543 sanat.

152 703 232 731 XVI.
255 703 322 731 Non
339 708 380 731 est
395 702 506 740 profeta
521 707 655 739 acceptus
671 703 699 729 in
715 703 805 739 patria
821 712 880 730 sua.

151 890 248 918 XVII.
271 889 308 918 Et
330 890 421 918 missit
442 900 483 918 ΧΠ
502 890 660 926 discipulos
682 899 750 918 suos
772 895 803 918 ut
824 890 1004 926 predicarent
1024 895 1051 918 et

193 942 324 965 curarent
342 937 480 964 infirmos.

152 1030 264 1058 XVIII.
286 1031 324 1058 Et
345 1030 467 1059 herodes
490 1030 642 1058 decollauit
665 1029 821 1058 iohannem
848 1035 875 1058 et
898 1031 1049 1058 uenierunt

193 1077 324 1114 discipuli
340 1077 376 1105 ad
392 1078 450 1105 ihm
466 1082 493 1106 et
509 1077 609 1105 refficit
623 1086 681 1105 eos.

151 1289 280 1318 XVIIII.
302 1290 346 1318 De
366 1299 403 1318 -u-
420 1290 543 1326 panibus
558 1291 586 1318 in
604 1300 640 1319 .U-
656 1290 734 1319 milia
748 1290 909 1319 hominum.

151 1431 216 1459 XX.
238 1432 297 1460 Ubi
312 1441 397 1469 super
412 1432 513 1460 fluctus
529 1432 685 1460 ambulauit
701 1436 729 1460 et
744 1431 872 1460 infirmos
888 1432 1005 1461 curauit.

149 1526 230 1553 XXI.
253 1525 381 1555 INLotis
406 1526 539 1554 manibus
564 1526 741 1553 manducare
770 1535 829 1554 non
857 1526 1046 1563 coinquinant

189 1573 345 1601 hominem.

148 1786 245 1814 XXII.
268 1785 336 1814 Non
352 1787 416 1815 licet
433 1786 529 1814 tollere
545 1795 651 1823 panem
669 1785 788 1814 filiorum
804 1792 831 1814 et
843 1787 910 1815 dare
926 1788 1046 1816 canibus

188 1839 215 1861 et
230 1833 367 1861 mundata
383 1839 425 1861 est
439 1834 534 1871 puella
550 1843 566 1861 a
581 1833 726 1861 demonio.

147 1957 260 1985 XXIII.
284 1958 444 1986 Hominem
461 1958 580 1986 sordum
596 1963 623 1986 et
639 1962 751 1986 mutum
767 1959 876 1986 curauit
891 1964 921 1987 ut
937 1960 1045 1989 audiret

186 2010 213 2032 et
230 2004 401 2041 loqueretur.

1699 251 1757 282 179

1239 328 1264 351 K
1276 329 1353 351 Harl.
1368 333 1430 359 2790
1443 329 1523 352 Mznc.
1538 328 1624 351 Bamb.

1109 377 1208 405 XIIII.
1229 376 1274 405 De
1291 376 1409 404 homine
1421 386 1438 404 a
1450 376 1627 404 daemonum
1643 376 1758 413 legione

1149 424 1277 451 liberato.

1107 471 1172 498 XV.
1194 470 1239 498 De
1256 470 1312 498 filia
1327 470 1551 507 archisynagogi
1566 470 1612 498 uel
1627 470 1662 498 de
1677 479 1756 498 mor-

1147 523 1229 545 tuosa
1243 517 1371 545 muliere.

1106 704 1186 732 XVI.
1210 704 1273 733 Dr‘is
1288 705 1326 733 ait
1341 705 1482 742 propheta
1500 705 1643 733 honorem
1658 705 1687 732 in
1703 714 1754 733 sua

1146 752 1236 788 patria
1252 760 1311 780 non
1327 752 1422 779 habet.

1105 892 1202 920 XVII.
1225 892 1270 921 De
1292 893 1439 930 discipulis
1457 893 1494 920 ad
1508 893 1717 929 predicandum
1738 902 1755 921 a

1145 940 1203 968 dfio
1218 940 1331 967 missos.

1104 1032 1216 1060 XVIII.
1240 1032 1284 1060 De
1300 1033 1522 1061 obtruncatione
1537 1032 1679 1061 iohannis.

1103 1293 1232 1321 XVIIII.
1247 1293 1292 1322 De
1304 1294 1504 1331 apostolorum
1515 1294 1669 1323 resectione
1679 1300 1705 1322 et
1716 1295 1750 1323 de

1142 1342 1268 1378 quinque
1284 1342 1407 1378 panibus
1422 1341 1606 1379 piscibusque
1619 1342 1740 1370 duobus.

1102 1429 1168 1456 XX.
1191 1428 1254 1456 Dfis
1277 1438 1363 1466 super
1381 1438 1471 1466 aquas
1493 1429 1638 1466 discipulis
1660 1429 1749 1458 adue-

1140 1476 1223 1503 nisse.

1100 1522 1181 1550 XXI.
1205 1522 1347 1558 Quaestio
1368 1532 1507 1551 manuum
1525 1523 1683 1551 inlotorum
1699 1523 1747 1551 dni

1142 1579 1215 1606 quae
1232 1571 1390 1606 responsio.

1100 1784 1196 1812 XXII.
1220 1784 1263 1812 De
1284 1784 1486 1821 syrophenisse
1508 1785 1634 1813 mulieris
1654 1785 1710 1813 filia
1730 1795 1745 1813 a

1140 1831 1295 1859 daemonio
1310 1831 1466 1859 liberatam.

1099 1959 1211 1987 XXIII.
1235 1959 1279 1987 De
1290 1960 1377 1987 surdo
1388 1969 1404 1987 a
1416 1960 1475 1988 dfio
1487 1966 1625 1997 mutoque
1635 1966 1743 1989 sanato.

178 2131 265 2153 XIIII.
290 2137 306 2153 4-
316 2130 356 2153 ubi
367 2130 401 2153 ad
412 2130 468 2153 inif.
479 2130 509 2152 G.
544 2131 654 2157 legione
664 2137 679 2154 4-
689 2131 871 2154 daemoniorum
882 2132 932 2156 GJ.
967 2140 1044 2156 mun-

147 2165 242 2186 dauit:
261 2163 374 2186 liberauit
388 2163 418 2186 G.

179 2196 235 2219 XV.
254 2199 277 2219 et
291 2203 346 2219 cum
358 2196 436 2218 filium
449 2195 473 2217 D
484 2203 489 2223 ;
507 2195 536 2218 de
550 2195 602 2218 filia
614 2199 637 2218 et
644 2199 700 2226 post
710 2198 782 2223 prin.
798 2203 815 2220 ÷
831 2205 904 2228 quam
916 2197 945 2221 G.
981 2206 1044 2221 mor-

146 2229 195 2252 tuis
208 2229 254 2252 }PJ
264 2236 320 2251 tzur.
358 2230 495 2251 saluaret:
515 2228 614 2251 suscitat
626 2229 655 2251 G.
691 2237 736 2252 (wc.
746 2232 774 2252 et
784 2237 824 2253 sec.
838 2230 883 2253 ΞΡ]
888 2230 917 2260 Q.
950 2231 1045 2254 sanauit

146 2262 163 2285 J
174 2269 179 2289 ;
197 2261 277 2284 salunt
290 2261 321 2291 Q,
334 2260 396 2284 -auit
408 2268 464 2284 aur.

179 2294 249 2317 XVI.
274 2300 291 2317 4-
301 2294 342 2317 ubi
354 2293 414 2317 dicit
426 2293 460 2316 ad
469 2293 524 2316 init.
539 2293 569 2316 G.

178 2326 263 2350 XVII.
282 2329 325 2349 et:
344 2334 389 2349 om.
406 2334 477 2353 αιιν,;
495 2326 538 2348 ubi
556 2325 587 2349 G.
622 2326 761 2350 misit-filis
778 2327 795 2350 J
815 2335 871 2350 aur.

146 2359 227 2382 ffGJ.
246 2359 371 2390 predicare
383 2362 406 2382 et
419 2366 501 2382 curare
514 2358 545 2382 G.
583 2362 609 2384 >
623 2359 684 2382 infir.
698 2367 747 2382 cur.
760 2366 816 2382 aur.

178 2392 276 2415 XVIII.
294 2394 338 2415 et:
356 2399 483 2418 om.azl7¹.;
501 2391 603 2414 ubiGJ.
637 2393 770 2415 herodes:
789 2391 830 2415 io'fi
843 2392 874 2415 D.
913 2396 939 2418 >
951 2393 982 2416 ad
994 2394 1044 2417 ihm

146 2424 196 2448 disc
209 2425 237 2447 ΞΡ
250 2428 257 2453 ζ
268 2431 283 2447 ÷
293 2424 356 2453 eius)
370 2424 400 2454 Q.
435 2425 548 2447 reffieit:
567 2425 661 2447 curauit
674 2423 718 2447 D*.

179 2457 236 2480 XX.
255 2458 355 2480 fluctus
364 2464 381 2480 ÷
390 2457 463 2479 maris
476 2456 517 2479 GJ
529 2464 585 2479 aur.
620 2459 729 2480 curauit
741 2466 745 2480 z
765 2458 858 2480 sanauit
871 2466 936 2486 aar„
946 2462 981 2482 -at
994 2459 1044 2482 G-I.

179 2490 250 2512 XXI.
275 2496 291 2513 -ι-
300 2490 342 2513 ubi
354 2489 388 2512 ad
398 2490 455 2512 z'm'l.
467 2489 497 2512 G.
531 2497 579 2512 non
593 2489 650 2512 lotis
662 2490 759 2520 EPGJQ
772 2498 827 2513 απν.
862 2493 1028 2514 manducare
1040 2500 1044 2514 :

145 2522 216 2545 edere
228 2522 277 2552 GQ
289 2530 345 2545 aur.
380 2523 579 2549 coinquinant:
598 2523 763 2546 communicat
776 2522 818 2546 GJ
832 2530 887 2545 aur.

178 2555 262 2577 XXII.
280 2556 392 2578 tollere:
411 2562 505 2578 sumere
521 2555 601 2578 EPGJ.
637 2557 718 2578 dare:
736 2556 845 2586 proicere
856 2556 882 2579 J.
918 2556 1045 2580 inundauit

144 2587 253 2617 puellam
267 2587 308 2610 GJ
322 2595 378 2610 aur.

179 2620 277 2642 XXIII.
304 2627 319 2643 4-
329 2620 370 2643 ubi
383 2620 417 2642 ad
429 2620 484 2642 im'l.
494 2621 519 2643 J.
553 2624 579 2645 >
591 2624 684 2643 mutum
698 2624 720 2644 et
734 2620 833 2644 surdum
848 2620 877 2644 G.
903 2623 998 2644 sanauit
1013 2622 1043 2645 G.

145 2660 201 2674 aur.

915 2336 960 2350 om.
979 2336 1045 2352 SUOS

1129 2137 1216 2160 XIIII.
1235 2139 1401 2161 daemonum
1409 2144 1425 2160 ÷
1434 2146 1446 2160 r
1458 2137 1489 2160 K.

1122 2170 1186 2209 VXV.
1205 2170 1407 2201 archisynagogis
1419 2170 1494 2193 Harl.
1525 2178 1653 2194 emoruosa
1665 2171 1741 2194 Harl.

1099 2204 1119 2226 Α
1126 2210 1213 2257 1}chin
1233 2234 1264 2257 ad
1276 2236 1308 2258 sio
1322 2235 1400 2265 inepte
1412 2235 1564 2258 disiunctmn
1579 2236 1611 2259 K.

1131 2267 1201 2290 XXI.
1216 2275 1314 2290 manum
1328 2268 1352 2290 K
1363 2267 1454 2291 Harl*.
1471 2268 1603 2291 inlatorum
1620 2268 1643 2291 K
1660 2269 1741 2293 Mznc.

1099 2300 1186 2323 Bamb.
1223 2300 1312 2331 dfiique
1326 2301 1400 2324 Harl.
1414 2301 1494 2324 Asana.
1508 2301 1595 2324 Bamh.

1456 2693 1519 2722 rib
