2209 3147
347 248 407 287 276

509 332 692 356 AHVYHarJ.
710 338 780 363 2797.

345 379 414 408 VII.
438 380 553 408 Octauo
573 379 619 407 die
637 379 866 407 circumcisionis
884 380 945 407 eius

386 427 539 464 prophetia
548 427 709 464 praesentis
722 426 868 463 symeonis
881 427 945 454 iusti

385 474 430 502 uel
447 483 540 502 annae
556 474 756 511 prophetissae
772 479 912 502 narratur.

346 708 429 736 VIII.
452 707 626 736 Duodennis
641 708 701 745 ipse
714 708 849 736 remansit
861 717 878 736 a
890 709 946 736 suis

387 756 415 783 in
428 755 536 792 templo
549 756 698 792 quaerenti
711 756 795 784 matri
806 756 904 784 dicens
917 755 945 783 in

385 802 429 830 his
442 811 515 840 quae
526 803 615 840 patris
625 803 681 831 mei
692 807 806 840 oportet
816 812 862 831 me
873 811 944 831 esse.

346 990 446 1020 VIIII.
462 991 551 1020 Anno
562 1001 598 1020 xv
609 991 700 1020 tiberii
711 991 834 1020 caesaris
843 991 944 1019 iohan-

385 1039 430 1067 nis
457 1044 519 1067 orta
549 1039 725 1076 praedicatio
755 1039 859 1067 dicitur
888 1048 945 1076 qua

385 1091 506 1114 cunctos
529 1086 563 1114 ad
585 1086 790 1123 paenitentiam
813 1085 945 1114 cohorta-

386 1138 430 1160 tur
469 1138 497 1161 et
533 1132 729 1161 calciamentis
768 1132 878 1161 domini
915 1142 945 1160 se

386 1180 489 1208 fatetur
511 1180 672 1217 indignum.

344 1227 380 1255 X.
403 1226 537 1255 Herodes
556 1227 663 1255 carceri
682 1227 729 1255 dat
745 1226 901 1255 iohannem
918 1232 945 1255 et

385 1283 444 1302 xxx
477 1283 619 1302 annorum
649 1274 794 1311 baptizato
824 1273 945 1302 domino

385 1321 518 1349 trinitatis
548 1321 576 1348 in
605 1321 750 1358 baptismo
776 1321 944 1358 mysterium

386 1369 546 1397 declaratur
569 1369 790 1405 generationum
815 1368 902 1396 lxxvii
928 1378 945 1397 a

385 1415 493 1444 christo
521 1424 634 1443 sursum
664 1425 764 1443 uersus
793 1415 830 1443 ad
858 1415 945 1444 deum

386 1462 458 1491 ordo
474 1462 643 1491 contexitur.

346 1604 397 1632 XI.
431 1604 458 1631 xl
494 1604 605 1632 dierum
640 1604 778 1632 ieiunium
812 1610 840 1632 et
872 1605 945 1632 trina

385 1652 551 1680 temtatione
571 1651 702 1679 diabolus
723 1657 874 1688 superatus
896 1661 944 1680 os-

386 1699 515 1727 tenditur.

347 1840 414 1867 XII.
438 1839 527 1868 Fama
544 1840 667 1876 regressi
686 1840 713 1867 in
734 1840 884 1876 galilaeam
903 1850 944 1869 re·
970 1833 972 1880 ξ

387 1886 474 1915 fertur
510 1892 537 1914 et
573 1887 652 1923 quod
694 1887 798 1915 Esaiae
841 1883 972 1916 librum¹

823 247 1052 277 CAPITULA
1081 247 1139 275 IN
1159 246 1479 276 M'ANGELJUM

1185 332 1263 363 CgT).
1504 332 1578 365 ΒΘᾹ(
1597 331 1950 363 ιἐ]ιες)ΟΧ[ἀν’.Λαί.10438,

1041 379 1156 415 Quique
1180 378 1216 406 ad
1239 378 1361 406 hoctaua
1384 378 1447 407 diae
1502 378 1610 415 quique
1633 378 1678 406 die
1701 384 1804 406 octaua
1829 379 1950 408 circum-

1081 425 1303 454 circumciditur.
1542 425 1652 453 ciditur.

1000 475 1047 501 11.
1072 475 1217 507 Symeon
1234 474 1345 501 iustus
1365 475 1448 508 xpm

1082 521 1242 548 manibus
1275 523 1448 555 sumptum

1080 569 1263 596 benedicit.

1040 614 1128 642 Anna
1154 614 1334 651 prophetissa
1360 615 1448 643 uidua

1081 661 1171 689 multa
1181 662 1216 689 de
1229 664 1289 699 xpo
1300 662 1447 699 praedicit.

1040 708 1090 736 Ihs
1119 718 1262 737 annorum
1292 709 1447 738 duodecim

1081 756 1110 783 in
1135 756 1244 793 templo
1273 765 1340 784 curn
1369 756 1447 785 Doc—

1081 803 1190 832 toribus
1220 803 1291 840 legis
1314 804 1447 832 inuentus

1081 851 1109 877 in
1146 850 1236 878 Patris
1272 860 1302 878 se
1338 850 1447 888 hopere

1051 907 1054 910 ⁴
1080 907 1161 926 aesse
1192 897 1346 935 hoportere
1382 907 1447 936 pro—

1080 945 1200 972 nunnan

1087 995 1186 1020 Anno
1214 994 1333 1026 quinto
1359 993 1447 1020 deei-

1081 1048 1136 1068 mo
1161 1041 1277 1068 tiberii
1303 1042 1448 1068 caesaris

1081 1090 1221 1115 curante
1250 1089 1367 1122 pylato
1395 1089 1448 1115 Io-

1080 1135 1210 1162 hannes
1281 1135 1449 1162 babtisma

1082 1183 1257 1215 praedicat
1291 1183 1384 1210 dicet
1415 1185 1449 1210 et

1080 1230 1254 1257 fortiorem
1270 1229 1353 1263 xsam
1368 1237 1448 1257 uen-

1081 1279 1195 1304 turum
1211 1278 1376 1310 designat.

1040 1322 1108 1358 Quo
1129 1324 1273 1351 babtizato
1295 1324 1447 1352 columbae

1081 1370 1174 1407 figura
1210 1371 1324 1407 spiritus
1360 1380 1447 1408 supra

1080 1417 1230 1445 descendit
1256 1427 1314 1445 uox
1339 1417 1447 1446 hetiarn

1081 1464 1117 1492 de
1133 1464 1213 1493 caelo
1229 1464 1319 1492 filium
1338 1464 1383 1492 dei
1404 1465 1446 1492 in-
1472 1465 1474 1488 l

1080 1511 1157 1539 dicat
1191 1521 1278 1549 quem
1307 1512 1447 1549 putabant

1079 1558 1169 1586 filium
1185 1559 1295 1596 ioseph.

998 1607 1085 1634 1111.
1109 1608 1240 1634 Ductus
1272 1608 1308 1634 in
1337 1608 1446 1634 deser-

1079 1656 1153 1681 tum
1171 1654 1230 1681 Ihs
1246 1655 1447 1688 quadsagin-
1472 1686 1473 1690 Ἰ

1080 1704 1116 1728 ta
1134 1702 1254 1729 diebus
1274 1702 1447 1735 geiunauit
1472 1691 1473 1725 i

1080 1751 1114 1776 et
1136 1756 1156 1776 a
1177 1749 1316 1776 diabulo
1339 1751 1446 1783 temp·
1472 1768 1473 1784 ¹

1080 1798 1190 1823 tatum
1205 1796 1298 1824 dicit.
1472 1808 1473 1833 χ

1041 1842 1186 1870 Reuersus
1230 1843 1259 1869 in
1302 1842 1445 1870 Galileam
1472 1840 1474 1853 ²

1080 1889 1173 1917 docet.

1502 472 1540 500 II.
1564 472 1691 509 Symeon
1702 472 1793 500 iustus
1806 475 1875 510 xpm
1886 483 1949 511 par-

1543 519 1642 547 uulum
1660 519 1805 548 benedicit

1500 706 1543 734 ihs
1568 715 1711 735 annorum
1737 707 1891 736 duodecim
1921 708 1949 735 in

1541 754 1651 791 templo
1680 764 1746 783 cum
1779 755 1949 784 doctoribus

1541 801 1610 837 legis
1625 801 1759 839 disputat.

1501 988 1554 1017 III.
1575 989 1663 1018 Anno
1675 999 1712 1017 xv
1723 990 1813 1018 tiberii
1826 990 1950 1018 caesaris

1542 1035 1683 1065 iohannes
1722 1037 1781 1065 ihm
1824 1038 1951 1074 baptizat

1542 1093 1629 1121 quem
1659 1084 1830 1112 aestimabat
1859 1084 1949 1112 filium

1542 1131 1643 1168 ioseph
1658 1132 1707 1169 qui
1722 1131 1774 1159 fuit
1793 1131 1866 1160 filius
1883 1131 1948 1159 heli.

998 993 1063 1020 ΙΙΙ.

1500 1602 1569 1631 IIII.
1593 1603 1641 1631 Ihs
1657 1608 1792 1632 temtatus
1803 1614 1819 1633 a
1831 1604 1947 1633 diabolo

1540 1656 1608 1678 uicit

1500 1848 1630 1867 reuersus
1666 1840 1694 1867 in
1735 1839 1883 1876 galilaeam
1921 1846 1947 1868 et

1541 1886 1687 1923 ingressus
1733 1887 1867 1915 nazareth
1919 1888 1947 1915 in

380 2012 439 2035 VII.
458 2011 602 2043 prophetiae
615 2012 699 2035 AHY.

380 2045 453 2068 VIII.
463 2046 560 2068 matri:
574 2045 637 2076 patri
648 2045 681 2067 H.
706 2046 761 2068 mei
771 2052 787 2069 4-
796 2050 851 2069 sunt
860 2047 944 2070 Tlmm.

381 2078 412 2101 X.
431 2085 561 2108 uersusque
572 2078 661 2103 Har-L:
680 2086 762 2102 uersus
772 2086 848 2109 usque
861 2080 945 2103 lem.

380 2111 425 2134 XI.
445 2112 535 2134 trina:
554 2111 638 2134 trinita
651 2109 698 2134 H*.

973 2312 974 2315 ’
999 2311 1091 2336 praed.
1103 2318 1107 2332 z

972 2138 973 2142 Ἰ
998 2114 1102 2140 hopere
1137 2114 1219 2136 Thom.

972 2159 974 2162 ν
999 2146 1152 2176 praenuntiat
1170 2147 1225 2170 Hal.
1239 2153 1310 2175 4221.

1473 1950 1475 2004 ,
1849 1968 1946 1971 Μ

1535 2011 1554 2035 1.
1574 2013 1694 2039 quique:
1714 2020 1761 2043 que
1770 2012 1872 2036 emmo.
1907 2021 1947 2036 oe-

1033 2014 1051 2038 1.
1071 2014 1160 2045 quique
1173 2018 1262 2038 octauo
1274 2015 1313 2038 die
1331 2016 1413 2039 Tlmm.

1501 2048 1560 2068 tauo
1574 2045 1635 2068 13Θᾶ
1643 2045 1729 2068 Tlmm.

1033 2048 1066 2070 ΙΙ.
1085 2049 1244 2074 praedicit:
1265 2049 1298 2071 al.
1317 2049 1449 2080 prophetat

999 2080 1040 2103 ml
1054 2080 1208 2111 prophetizat
1226 2084 1265 2111 ap.
1282 2081 1366 2104 Thom.
1402 2090 1447 2104 om.
1534 2078 1580 2100 ΠΙ-
1600 2085 1646 2101 xv:
1674 2084 1691 2101 ψ
1707 2077 1804 2109 imperii
1823 2078 1845 2101 Θ
1863 2078 1947 2102 leom.

1265 2116 1446 2140 pronuntiat;
1473 2124 1474 2144 ἢ
1501 2110 1664 2134 aestimabant
1677 2111 1774 2139 Tlmmq
1792 2111 1948 2135 existimabat

1473 2147 1474 2168 l
1500 2144 1572 2167 ΒΘῦ.

1034 2178 1079 2201 III.
1100 2180 1212 2202 tiberii:
1240 2179 1336 2209 imperii
1363 2180 1446 2202 Tlmm.
1473 2191 1474 2202 l

1000 2214 1115 2234 curante
1125 2213 1233 2239 pylato:
1247 2212 1325 2242 pilato
1334 2212 1447 2236 iudaeam
1473 2206 1475 2245 ζ

1000 2248 1144 2274 procurante
1155 2244 1248 2272 lecmz.;
1261 2244 1339 2275 pilato
1350 2249 1448 2268 curante
1473 2248 1475 2272 Ξ

1000 2276 1113 2300 iudaeam
1137 2277 1209 2300 Alex.
1238 2284 1273 2300 10.
1310 2279 1449 2301 babtisma
1474 2282 1475 2290 ¹

1138 2310 1245 2340 baptista
1274 2311 1448 2340 poenitentiam
1474 2318 1475 2323 ¹

1001 2342 1082 2372 praed.
1107 2343 1189 2365 Tlmm.
1225 2343 1395 2366 dicet=dicit
1417 2351 1447 2366 sc.

973 2380 974 2386 ¹
999 2375 1159 2404 euangelista.
1178 2379 1206 2397 Ill
1223 2382 1241 2398 c,
1260 2376 1322 2403 IIII,
1340 2375 1370 2406 (f.
1387 2376 1410 2399 A
1429 2384 1447 2399 s.

973 2414 974 2426 1
1001 2407 1087 2430 VIIII.
1121 2409 1263 2431 babtizato
1280 2414 1297 2431 ⁴1-
1313 2409 1338 2431 in
1363 2409 1447 2432 7710711.
1474 2427 1475 2432 ,

974 2447 975 2464 ;
999 2447 1044 2462 om.
1058 2447 1114 2462 uox
1132 2441 1187 2464 Ναί.
1200 2448 1273 2470 4221.

1034 2472 1095 2495 IIII.
1114 2476 1247 2503 temptatus
1259 2474 1318 2498 uicit
1337 2474 1419 2497 Tlmm.
1474 2465 1475 2479 ¹
