2258 3157
489 258 499 278 l
508 257 524 279 2
1063 249 1094 280 S.
1114 250 1233 279 HIER
1240 250 1395 280 0NFMJ

485 335 633 367 Ecclesia
657 340 768 367 autem
794 346 879 376 quae
899 346 997 376 supra
1021 341 1150 376 petram
1175 336 1300 367 domini
1323 346 1404 367 uoce
1427 335 1564 366 fundata
1587 340 1646 373 est,
1670 345 1770 375 quam
1795 335 1981 367 introduxit

483 398 541 418 rex
575 388 605 418 in
639 387 826 419 cubiculum
852 398 947 418 suum
976 392 1008 418 et
1034 388 1076 418 ad
1101 398 1202 428 quam
1228 399 1286 428 per
1314 389 1461 418 foramen
1490 387 1710 418 descensionis
1736 387 1864 419 occulte
1893 389 1983 419 misit

484 450 618 471 manum
636 451 740 477 suam,
757 440 871 470 similis
888 440 1076 471 dammulae
1093 440 1295 480 hinnuloque
1311 450 1494 477 ceruorum,
1512 444 1668 479 quattuor
1686 439 1821 470 flumina
1839 440 1984 480 paradisi

482 492 584 523 instar
607 497 767 527 eructans,
785 497 940 532 quattuor
965 496 997 522 et
1021 492 1160 532 angulos
1181 497 1214 523 et
1234 492 1351 523 anulos
1371 492 1482 528 habet,
1500 502 1557 532 per
1574 502 1657 531 quos
1674 492 1766 531 quasi
1791 502 1866 522 arca
1882 496 1984 522 testa-

454 557 467 580 5
483 544 584 574 menti
601 549 633 575 et
651 550 762 575 custos
779 544 860 584 legis
877 544 1002 574 domini
1020 544 1117 584 lignis
1139 545 1317 575 mobilibus
1331 544 1469 575 uehitur.
1502 544 1629 573 Primus
1646 544 1795 574 omnium
1814 543 1983 574 Mattheus

481 601 530 626 est
558 595 751 636 publicanus
777 601 999 636 cognomento
1026 596 1119 631 Leui,
1144 597 1200 636 qui
1228 596 1438 637 euangelium
1470 596 1502 625 in
1531 596 1656 626 Iudaea
1682 595 1805 626 hebreo
1832 606 1984 626 sermone

481 648 594 682 edidit,
612 649 655 679 ob
680 659 794 678 eorum
819 648 871 678 uel
896 648 1043 678 maxime
1067 658 1201 679 causam
1225 649 1280 688 qui
1307 649 1339 678 in
1364 648 1475 678 Iesum
1499 647 1709 678 crediderant
1733 657 1776 677 ex
1802 647 1932 678 Iudaeis
1950 652 1983 678 et

481 710 688 740 nequaquam
712 700 793 740 legis
818 700 934 730 umbra
959 700 1157 731 succedente
1181 699 1344 740 euangelii
1373 701 1548 731 ueritatem
1576 699 1763 730 seruabant.
1811 698 1984 730 Secundus

482 752 612 782 Marcus
629 753 790 793 interpres
805 752 949 793 apostoli
968 752 1056 783 Petri
1081 757 1114 783 et
1130 751 1383 783 Alexandrinae
1404 752 1562 783 ecclesiae
1581 751 1705 792 primus
1727 750 1910 791 episcopus,
1927 751 1982 790 qui

438 818 466 833 ιο
480 804 650 834 dominum
675 805 810 844 quidem
835 805 1036 835 saluatorem
1061 804 1131 844 ipse
1154 815 1218 834 non
1244 805 1337 841 uidit,
1359 805 1417 835 sed
1442 814 1480 834 ea
1504 814 1589 844 quae
1614 803 1808 843 magistrum
1834 803 1984 834 audierat

479 857 726 896 praedicantem
754 857 849 888 iuxta
875 856 977 887 fidem
1011 857 1119 896 magis
1147 861 1317 896 gestorum
1342 856 1486 886 narrauit
1515 866 1613 896 quam
1643 855 1803 885 ordinem.
1849 855 1983 885 Tertius

480 908 589 939 Lucas
607 909 762 946 medicus,
779 909 911 939 natione
931 908 1037 948 Syrus
1055 908 1301 945 Antiochensis,
1319 908 1410 939 cuius
1432 907 1503 938 laus
1528 908 1559 937 in
1581 907 1764 947 euangelio,
1782 906 1838 946 qui
1859 911 1892 937 et
1913 907 1983 946 ipse

478 960 657 1001 discipulus
683 961 827 1000 apostoli
855 960 947 991 Pauli
977 961 1010 990 in
1036 959 1188 990 Achaiae
1218 959 1442 999 Boeotiaeque
1470 959 1618 1000 partibus
1646 958 1800 990 uolumen
1827 959 1984 995 condidit,

478 1013 642 1052 quaedam
667 1013 765 1043 altius
790 1018 941 1053 repetens
958 1017 1000 1049 et,
1022 1017 1057 1042 ut
1083 1012 1152 1051 ipse
1178 1011 1210 1041 in
1234 1012 1406 1052 prohemio
1430 1011 1615 1048 confitetur,
1631 1011 1743 1041 audita
1761 1010 1866 1050 magis
1883 1020 1983 1050 quam

451 1075 463 1098 5
480 1065 548 1095 uisa
565 1066 764 1096 describens.
812 1065 959 1096 Ultimus
977 1064 1141 1094 Iohannes
1159 1063 1331 1104 apostolus
1348 1068 1381 1094 et
1405 1063 1617 1103 euangelista,
1634 1072 1733 1102 quem
1752 1062 1843 1092 Iesus
1860 1062 1985 1093 amauit

478 1117 667 1156 plurimum,
693 1118 749 1157 qui
775 1128 873 1157 super
900 1122 1016 1157 pectus
1041 1116 1168 1146 domini
1196 1115 1390 1146 recumbens
1414 1115 1589 1155 purissima
1614 1114 1836 1145 doctrinarum
1861 1113 1984 1144 fluenta

478 1169 617 1209 potauit,
638 1174 671 1200 et
687 1169 742 1209 qui
764 1169 852 1200 solus
874 1170 916 1200 de
935 1179 1029 1199 cruce
1055 1168 1175 1198 meruit
1199 1168 1313 1198 audire
1339 1167 1425 1198 Ecce
1450 1172 1555 1198 mater
1579 1171 1647 1197 tua.
1695 1165 1728 1196 Is
1752 1176 1827 1196 cum
1848 1170 1933 1195 esset
1950 1166 1983 1195 in

478 1220 562 1251 Asia
578 1226 610 1251 et
628 1221 692 1251 iam
710 1227 787 1252 tunc
803 1221 1024 1252 hereticorum
1042 1220 1167 1250 semina
1184 1219 1392 1259 pullularent,
1408 1218 1555 1249 Cerinthi
1575 1218 1735 1248 Hebionis
1748 1222 1781 1247 et
1798 1222 1984 1247 ceterorum

479 1273 533 1312 qui
556 1279 677 1313 negant
697 1273 865 1304 Christum
890 1274 922 1304 in
946 1283 1044 1304 carne
1061 1272 1198 1307 uenisse,
1215 1281 1298 1310 quos
1322 1276 1355 1301 et
1377 1271 1448 1311 ipse
1472 1272 1503 1301 in
1528 1270 1670 1311 epistula
1693 1279 1752 1300 sua
1775 1269 1984 1299 antichristos

435 1336 465 1352 20
479 1330 577 1355 uocat
592 1330 623 1355 et
641 1325 811 1366 apostolus
829 1325 948 1356 Paulus
965 1325 1151 1364 frequenter
1168 1323 1316 1363 percutit,
1333 1328 1467 1354 coactus
1488 1328 1537 1353 est
1554 1323 1597 1353 ab
1614 1321 1767 1352 omnibus
1785 1331 1890 1361 paene
1905 1326 1984 1352 tunc

512 1424 532 1442 1.
550 1418 639 1442 eclesia
651 1419 683 1442 Θ.
713 1427 785 1450 super
794 1419 850 1443 AV.
875 1423 971 1450 petrum
985 1419 1015 1442 Y.
1043 1422 1069 1445 >
1084 1418 1180 1441 domini

476 1465 537 1481 uoce
551 1466 623 1489 supra
636 1461 730 1489 petram
740 1458 770 1482 5.

511 1505 531 1522 z.
551 1499 712 1523 discensionis
738 1499 797 1522 KNF
820 1508 886 1528 aur„
914 1503 936 1523 ct
962 1499 1048 1523 -tionis
1077 1499 1105 1522 E.
1141 1505 1180 1522 oc-

475 1537 557 1561 cultae
570 1539 590 1561 E
603 1539 677 1562 Iiicr.
711 1547 757 1562 om.
770 1541 848 1562 misit
862 1539 890 1563 E.

510 1581 532 1604 3.
550 1575 689 1599 dammuele
707 1575 743 1604 E3
764 1575 880 1598 damulae
898 1575 945 1599 &5
964 1575 1038 1598 Hier.
1073 1575 1178 1597 hinnu-

475 1615 559 1641 loque
569 1614 675 1645 1⁴0dd.pl.
687 1618 710 1637 et
722 1615 773 1638 edd.
784 1615 879 1645 (daque
894 1615 921 1643 E,
933 1614 1074 1644 hynuloque
1084 1613 1114 1641 C,
1123 1613 1177 1636 kin-

477 1654 504 1682 B,
521 1653 573 1676 inn-
588 1654 639 1676 HV
651 1662 716 1683 amn,
729 1654 764 1677 in-
778 1654 833 1683 ΘΤ,
851 1653 986 1684 distinguit
998 1653 1020 1676 Y
1033 1652 1178 1676 dammulah

476 1692 562 1716 innulo
582 1696 638 1724 quel
660 1701 690 1716 cx
712 1694 784 1717 Cant.
807 1693 833 1717 ii.
854 1700 877 1723 9.
897 1698 935 1723 17,
951 1693 980 1723 cf.
994 1692 1045 1716 viii.
1061 1699 1091 1721 14
1113 1692 1182 1722 Fuge

477 1732 567 1756 dilecte
588 1733 621 1755 mi
642 1736 665 1756 et
687 1732 824 1756 assimilare
845 1740 935 1763 caprae
956 1732 1109 1762 hinnuloque
1130 1740 1179 1755 cer-

476 1779 577 1795 uorum:
603 1771 761 1795 hinnulorum
783 1772 813 1795 A.
858 1778 1007 1795 ceruorum
1026 1776 1044 1794 ÷
1064 1778 1110 1801 que
1127 1770 1179 1794 CT.

476 1815 580 1841 quatuor
589 1811 618 1838 5,
631 1811 752 1841 quadtuor
764 1810 792 1839 C,
806 1813 953 1841 quatuorum
968 1810 995 1833 E.
1019 1810 1139 1841 paradissi
1152 1809 1180 1833 E.

509 1857 531 1879 4.
550 1853 680 1873 eructuans
696 1850 720 1872 H
734 1858 792 1874 aur.
827 1853 932 1880 quatuor
946 1849 996 1877 E5,
1015 1848 1138 1880 quadtuor
1151 1848 1181 1875 C,

478 1893 547 1911 1111⁰¹²
563 1888 593 1911 T.
628 1889 679 1912 Hic
694 1889 796 1919 explicit
812 1888 907 1911 collatio
924 1888 1010 1911 codicis
1026 1888 1056 1911 T.
1092 1896 1138 1911 om.
1151 1890 1180 1911 et

475 1931 533 1951 ante
545 1929 662 1955 angulos
676 1928 796 1956 EKNI‘53
818 1927 919 1958 angelos
932 1927 966 1950 H.
990 1927 1095 1950 annulos
1104 1927 1178 1950 Hier.

476 1967 504 1990 5.
540 1966 632 1990 habens
644 1975 710 1995 aur„
724 1967 790 1990 ilem.
804 1974 882 1997 marg.
898 1966 925 1989 in
940 1966 1012 1989 Hier.
1031 1966 1098 1989 Uall.
1133 1973 1179 1989 om.

475 2008 556 2033 quasi
566 2007 594 2029 E.
618 2014 681 2030 area
693 2014 748 2029 mm
762 2005 984 2030 BCEHKM‘aur.
994 2004 1098 2028 5Hier.
1110 2013 1115 2029 ς
1139 2012 1182 2035 per

475 2053 557 2069 arcam
570 2045 625 2069 AY.

509 2094 530 2117 5.
549 2091 632 2111 custus
644 2087 713 2110 CEV
722 2095 779 2110 aar.
817 2086 897 2116 legnis
906 2089 953 2116 pro
966 2085 1010 2116 lig-
1025 2085 1052 2108 E.
1090 2086 1180 2108 mobi-

474 2127 551 2150 libus
569 2126 872 2150 ABCEIlY'mouilibus)
894 2133 960 2153 amn,
976 2125 1033 2147 ilem
1054 2124 1118 2147 codd.
1140 2127 1178 2154 ap.

479 2166 561 2189 falae
579 2166 751 2189 immobilibus
769 2165 851 2188 Rus-3*
863 2165 946 2193 Hier„
959 2164 1022 2187 codd.
1035 2167 1074 2193 ap.
1098 2163 1180 2191 C'all.;

473 2205 608 2228 emendatio
618 2213 663 2228 csse
674 2205 777 2227 uidetur
788 2208 816 2227 ut
828 2204 917 2227 malim
924 2211 979 2226 cum
990 2202 1071 2226 Exod.
1082 2211 1136 2226 xxV.
1153 2209 1159 2224 1
1166 2209 1178 2231 5

475 2244 603 2272 rancor-del,
617 2244 682 2274 qum!
695 2244 752 2266 lum·
772 2244 842 2274 lzg'mz
858 2250 953 2273 semper
965 2245 1032 2265 erunt
1046 2242 1069 2264 in
1083 2241 1180 2264 circulis

475 2291 520 2306 nec
533 2291 639 2314 unquam
652 2283 807 2306 extrahentur
817 2283 848 2305 ab
860 2282 894 2305 eis
905 2289 910 2309 ;
932 2285 955 2304 el
966 2284 1096 2311 propterea
1112 2281 1178 2304 (sall.

476 2322 546 2345 imm-
560 2323 587 2344 in
600 2326 694 2345 linx-lum
708 2322 801 2352 recipit,
812 2329 842 2344 ex
854 2321 1000 2344 anctmv'stzlc
1010 2320 1178 2343 Martianaci.

475 2361 581 2392 primum
596 2361 623 2384 E
648 2363 789 2384 mattheus
799 2360 891 2390 KM‘Y,
901 2363 924 2383 et
936 2359 1049 2382 matheus
1058 2358 1178 2381 ABCEH

475 2408 545 2423 amn:
564 2400 705 2423 matthaeus
718 2400 740 2423 5
752 2400 826 2423 Hier.

509 2438 531 2462 6.
549 2439 719 2470 aeuangelium
733 2439 761 2461 E.
801 2439 873 2462 iudea
886 2438 907 2461 E
919 2446 976 2462 aur.
1016 2437 1121 2461 hebraeo
1134 2437 1180 2460 Y5

475 2476 549 2500 Hier.
593 2482 639 2508 pro
659 2477 725 2501 hebr.
745 2485 814 2501 serm.
833 2477 910 2501 edidit
928 2478 961 2500 ob
981 2485 1031 2500 eor.
1052 2476 1092 2499 uel
1113 2483 1178 2499 max.

475 2516 545 2538 hahet
565 2519 664 2539 lausum
684 2517 811 2540 ebreorum
832 2516 931 2540 nomine
949 2516 987 2540 uel
1009 2516 1115 2539 maxime
1133 2523 1179 2538 ser-

475 2563 549 2578 mone
562 2556 589 2578 E.

507 2600 530 2625 7.
549 2594 599 2617 hob
625 2595 654 2618 C.
675 2603 720 2618 om.
741 2597 787 2618 uel
808 2595 836 2618 C.
875 2602 985 2619 caussam
1004 2594 1086 2622 Hier„
1106 2601 1179 2617 causa

472 2633 527 2657 CV.
546 2635 608 2661 qui:
626 2644 672 2668 que
686 2635 714 2658 E.
724 2634 764 2657 ihu
775 2634 795 2657 E
804 2642 861 2658 aur.
870 2634 964 2658 ihesum
972 2634 1003 2658 Θ.
1024 2632 1178 2656 crediderunt

476 2672 557 2696 EHo.

1313 1417 1334 1440 8.
1345 1424 1523 1444 nequaquam
1534 1413 1714 1439 BCEHKivT‘?
1723 1413 1806 1437 Hiera
1817 1413 1984 1444 nequidquam

1278 1456 1311 1485 V,
1328 1456 1435 1486 *icquam
1454 1463 1522 1484 amn,
1537 1455 1629 1486 -iquam
1650 1454 1681 1477 A.
1717 1453 1829 1476 umbram
1849 1452 1869 1476 C
1890 1452 1981 1480 Hz·e›-.;

1278 1497 1378 1518 umbra
1386 1501 1403 1519 ÷
1412 1495 1451 1518 uel
1460 1495 1487 1523 E,
1495 1494 1580 1518 deind.-
1586 1493 1679 1517 omittit
1689 1500 1765 1523 usquc
1774 1492 1809 1514 ad
1815 1491 1981 1515 ecclesiastiea

1277 1538 1358 1558 narrat
1380 1534 1491 1557 historia.
1538 1533 1665 1557 secedente
1685 1531 1707 1555 5
1716 1539 1722 1559 ;
1753 1531 1922 1554 succedentem
1946 1531 1981 1554 H.

1277 1574 1382 1596 ueritate
1396 1573 1443 1596 CK
1456 1573 1531 1596 Hier.
1566 1574 1695 1595 seruauant
1708 1571 1735 1593 B.

1310 1620 1332 1643 9.
1352 1612 1465 1636 marchiis
1475 1612 1504 1635 C.
1539 1611 1672 1642 interpraes
1681 1609 1704 1632 Y
1714 1617 1772 1632 aur.
1807 1608 1982 1632 alaxandrinae

1277 1651 1309 1675 Y.
1344 1651 1448 1675 eclesiae
1460 1651 1492 1680 Θ,
1505 1649 1638 1674 aecclesiae
1650 1657 1708 1672 aur.

1313 1697 1349 1714 10.
1371 1694 1398 1717 >
1408 1690 1518 1713 audierat
1532 1689 1676 1720 magistrum
1688 1687 1718 1711 5.

1312 1736 1349 1753 11.
1367 1729 1431 1753 iusta
1441 1729 1514 1752 fidem
1527 1736 1584 1752 tzur.
1603 1730 1761 1756 gestorum:
1780 1728 1982 1749 testamentorum

1277 1770 1307 1794 C.
1341 1770 1471 1793 hordinem
1485 1769 1514 1792 C.

1312 1817 1349 1833 12.
1368 1809 1573 1832 antiochensis:
1592 1815 1607 1830 n
1623 1815 1666 1830 sec.
1683 1809 1737 1836 sup.
1752 1806 1799 1829 lin.
1817 1805 1865 1833 MR
1883 1805 1982 1829 anthio-

1278 1849 1330 1877 ΒΘ,
1343 1848 1492 1871 antiocensis
1504 1847 1535 1875 Y,
1549 1845 1718 1870 antheocensis
1730 1852 1788 1867 αιιν.

1313 1895 1349 1918 13.
1371 1892 1397 1914 >
1409 1887 1477 1918 pauli
1490 1886 1597 1917 apostoli
1617 1885 1675 1909 ΗΘ,
1712 1884 1856 1914 hoetiaeque
1874 1883 1982 1906 ΒΘΚΝΓ

1277 1927 1453 1958 aur.(>thiael;
1475 1926 1589 1956 boetique
1601 1925 1666 1953 AY;
1684 1923 1859 1954 bithyniaeque
1876 1922 1899 1946 5
1915 1922 1981 1946 codd.

1276 1970 1314 1997 ap.
1321 1967 1387 1990 (fall.
1399 1968 1458 1991 (mm
1466 1966 1550 1993 text.);
1559 1968 1582 1988 cl
1588 1964 1622 1986 sic
1630 1963 1681 1987 edd.
1691 1962 1823 1985 Hailbrun
1834 1961 1904 1992 1476,
1912 1961 1945 1983 W
1945 1960 1984 1984 ild

1276 2005 1304 2028 de
1324 2005 1443 2028 leatz'sbon
1471 2004 1541 2033 1481,
1559 2003 1647 2026 Ji'eslm·
1666 2002 1737 2031 1487,
1756 1999 1888 2030 Paguninz'
1908 2004 1977 2029 1497,

1276 2045 1354 2067 Sason
1370 2050 1377 2065 1
1385 2050 1430 2073 515
1443 2046 1465 2066 ct
1480 2049 1541 2073 ¹519
1556 2048 1615 2069 (non
1628 2044 1711 2063 aulem
1724 2038 1868 2062 Mam-schal
1880 2044 1908 2068 15
1912 2038 1964 2067 31).

1312 2090 1348 2113 14.
1367 2084 1453 2106 altius
1464 2090 1468 2104 ε
1498 2085 1507 2104 t
1529 2084 1583 2111 sup.
1611 2081 1657 2103 lin.
1684 2079 1714 2102 Y.
1758 2077 1870 2109 proemio
1896 2077 1980 2103 ΘΚΥ,

1276 2123 1386 2154 praemio
1400 2122 1428 2149 B,
1441 2120 1570 2152 prooemio
1583 2119 1606 2143 5
1619 2119 1694 2141 Hier.

1311 2168 1347 2191 15.
1366 2160 1478 2183 iohannis
1488 2167 1552 2186 aun,
1562 2158 1663 2181 ioannes
1672 2157 1746 2179 Hier.
1765 2162 1858 2183 quem:
1869 2155 1941 2178 duem
1950 2154 1979 2178 C.

1311 2199 1348 2223 16.
1366 2206 1450 2226 super
1461 2198 1531 2221 ACY
1540 2205 1598 2220 αιιν.
1610 2205 1615 2220 :
1638 2203 1711 2226 supra
1725 2194 1883 2218 BHffliM‘sf
1892 2194 1964 2217 Hier.

1275 2249 1287 2264 e
1299 2241 1352 2264 loli.
1365 2240 1415 2263 xiii.
1432 2246 1471 2269 25.

1310 2285 1348 2310 17.
1367 2279 1476 2310 portauit
1490 2278 1520 2301 Y.
1556 2284 1632 2307 quum
1644 2275 1666 2299 Θ
1679 2275 1753 2298 Ηῐεν,

1310 2320 1347 2341 IS.
1366 2318 1543 2341 haereticorum
1566 2316 1588 2339 5
1609 2315 1684 2338 Hier.
1719 2314 1891 2341 pullularent
1914 2312 1978 2335 codd.

1270 2357 1342 2388 plur.
1368 2357 1449 2388 <pulu-
1470 2356 1504 2383 Θ)
1527 2355 1549 2378 5
1567 2355 1641 2378 Hier.
1653 2361 1659 2376 ε
1681 2357 1772 2376 —assent
1790 2352 1821 2375 A.
1856 2352 1978 2375 cerinthi

1278 2397 1354 2426 teher-
1372 2404 1438 2423 aur„
1459 2394 1561 2418 cherinti
1580 2394 1613 2422 5)
1635 2393 1700 2416 smld.
1714 2393 1801 2422 plan:
1825 2390 1932 2414 eerenthi
1955 2390 1979 2412 A

1276 2435 1507 2466 (Tisanperpcrmn
1519 2432 1602 2459 -inthu
1614 2432 1673 2460 BY;
1691 2439 1712 2455 c.
1723 2437 1739 2454 ψ
1748 2435 1771 2454 et
1779 2437 1836 2453 aur.
1865 2428 1978 2452 heuionis

1276 2474 1303 2501 B,
1316 2473 1411 2497 ebionis
1423 2473 1496 2496 llz'cr.
1531 2476 1681 2496 caeterorum
1694 2471 1717 2494 5
1728 2469 1802 2493 llt'er.

1310 2519 1346 2543 19.
1365 2520 1411 2536 om.
1425 2514 1484 2539 ipse
1498 2511 1526 2535 C.
1556 2509 1662 2541 epistola
1675 2509 1725 2532 ΘΚ
1742 2508 1772 2531 Y'
1785 2515 1841 2531 aur.
1852 2506 1881 2530 5.
1906 2507 1977 2529 anti-

1275 2554 1393 2576 christos
1406 2551 1429 2575 5
1441 2551 1515 2574 llz'er.
1525 2553 1548 2574 ct
1559 2549 1610 2573 anti
1623 2551 1685 2580 xfios
1697 2547 1770 2576 codd„
1783 2546 1925 2570 antixristos
1938 2546 1960 2568 Θ
1971 2553 1976 2568 ;

1274 2591 1414 2615 anticristos
1427 2590 1505 2613 Assv.

1310 2638 1346 2654 20.
1364 2633 1464 2653 coaetus
1489 2636 1545 2657 tom.
1569 2630 1615 2655 est]
1642 2627 1676 2650 H.
1719 2633 1808 2654 paene
1832 2624 1890 2654 ΘΥ,
1914 2631 1976 2654 pane

1275 2670 1346 2700 lapsu
1359 2669 1379 2692 C
1391 2677 1396 2692 :
1416 2675 1476 2699 pene
1488 2667 1552 2691 codd.
1565 2667 1618 2690 rell.
1631 2666 1654 2690 5
1665 2665 1739 2689 Hier.
