2258 3157
256 245 285 268 ΙΙ.
300 242 405 274 13—20.]

217 333 244 352 1³
255 331 311 371 qui
348 341 422 362 cum
462 331 670 361 recessissent
705 341 781 361 ecce
816 330 954 369 angelus

297 383 424 414 domini
447 383 600 423 apparuit
628 383 660 412 in
684 383 808 412 somnis
839 382 953 422 ioseph

299 435 410 465 dicens

253 497 350 526 surge
382 490 415 516 et
445 486 557 525 accipe
584 495 722 525 puerum
750 490 783 515 et
814 490 954 516 matrem

297 538 366 568 eius

254 594 287 620 et
303 589 379 628 fuge
397 589 429 618 in
445 592 626 629 aegyptum

254 646 287 671 et
303 646 373 671 esto
390 641 435 670 ibi
452 650 554 680 usque
571 641 649 670 dum
666 640 773 670 dicam
791 640 849 670 tibi

254 693 399 723 futurum
422 697 471 722 est
494 692 580 722 enim
601 696 638 722 ut
656 691 796 722 herodes
818 696 955 731 quaerat

298 754 435 785 puerum
452 743 495 773 ad
512 744 718 783 perdendum
739 754 813 773 eum

218 799 243 817 14
255 797 310 836 qui
344 805 543 836 consurgens
581 796 709 835 accepit
747 805 885 835 puerum
922 800 955 826 et

300 852 438 878 matrem
466 848 534 877 eius
564 852 661 878 nocte
695 851 728 877 et
759 847 891 877 recessit
923 847 954 876 in

298 904 481 939 aegyptum

219 949 244 967 ¹⁵
255 956 287 982 et
305 956 373 981 erat
391 951 435 981 ibi
453 961 556 990 usque
573 950 615 981 ad
632 950 760 981 obitum
777 950 908 981 herodis

256 1008 291 1034 ut
318 1003 554 1042 adimpleretur
584 1003 674 1042 quod
700 1002 825 1032 dictum
854 1007 903 1032 est
937 1013 956 1032 a

299 1055 434 1085 domino
468 1065 526 1094 per
560 1054 758 1095 prophetam
793 1054 955 1084 dicentem

256 1116 299 1136 ex
315 1110 459 1146 aegypto
477 1106 592 1137 uocaui
609 1106 713 1136 filium
731 1116 851 1135 meum.

220 1154 246 1172 ¹⁶
258 1158 350 1188 Tunc
372 1158 511 1188 herodes
528 1159 644 1188 uidens
661 1158 816 1197 quoniam
833 1157 956 1187 inlusus

543 237 865 266 EUANGELIUM
891 235 1154 266 SECUNDUM
1179 236 1246 264 MA
1257 235 1458 264 TTHEUM.
1711 241 1751 273 47

1097 335 1181 361 esset
1197 340 1216 360 a
1232 330 1338 369 magis

1055 383 1156 412 iratus
1173 386 1223 412 est
1238 382 1336 412 ualde

1055 439 1087 464 et
1115 434 1249 464 mittens
1275 433 1393 464 occidit
1421 442 1534 463 omnes
1558 441 1675 472 pueros
1698 431 1753 471 qui

1097 490 1191 515 erant
1206 485 1238 515 in
1255 485 1423 515 bethleem

1054 542 1087 567 et
1105 537 1137 566 in
1155 537 1311 567 omnibus
1328 535 1446 566 finibus
1463 535 1532 565 eius

1053 600 1072 619 a
1095 589 1222 619 bimatu
1246 592 1278 618 et
1302 588 1382 618 infra
1396 588 1577 618 secundum
1601 591 1736 627 tempus

1097 641 1186 680 quod
1206 640 1407 679 exquisierat
1423 650 1442 670 a
1459 639 1564 679 magis

1017 689 1042 707 ¹7
1054 697 1131 722 tunc
1169 691 1386 731 adimpletum
1422 696 1472 721 est
1509 690 1599 730 quod
1629 691 1754 720 dictum

1097 748 1147 774 est
1181 753 1241 783 per
1270 742 1462 773 hieremiam
1487 742 1683 782 prophetam
1708 742 1755 772 di-

1097 798 1235 825 centem.

1018 840 1043 859 ¹⁸
1055 847 1136 878 on
1154 846 1185 876 in
1203 856 1293 875 rama
1310 845 1421 875 audita
1438 850 1487 875 est

1054 899 1201 938 ploratus
1219 903 1250 927 et
1268 897 1410 927 ululatus
1427 896 1551 927 multus

1055 949 1162 980 rachel
1180 949 1313 989 plorans
1331 948 1412 978 filios
1429 959 1506 979 suos

1098 1008 1131 1032 et
1148 1001 1252 1031 noluit
1269 1000 1428 1031 consolari
1447 1001 1524 1040 quia
1541 1011 1606 1031 non
1624 1005 1710 1031 sunt.

1019 1053 1043 1071 1⁹
1055 1053 1220 1083 Defuncto
1236 1058 1347 1082 autem
1364 1052 1486 1082 herode

1055 1115 1128 1135 ecce
1139 1104 1290 1144 apparuit
1302 1103 1438 1144 angelus
1451 1104 1574 1134 domini
1588 1104 1619 1133 in
1633 1104 1756 1134 somnis

1098 1156 1213 1195 ioseph
1230 1156 1262 1185 in
1279 1160 1426 1195 aegypto
1443 1153 1469 1172 ‘²⁰
1481 1156 1593 1186 dicens

254 1270 347 1289 suam.
391 1260 623 1289 13recedentibus
652 1265 749 1288 autem
778 1260 841 1288 illis.

254 1308 362 1336 dicens.

254 1355 323 1383 dum
344 1355 439 1382 dicam
457 1354 515 1383 tibi.

254 1449 292 1476 ad
309 1449 420 1476 obitum
435 1448 559 1476 herodis.

254 1505 290 1524 ex
306 1500 430 1532 aegypto
445 1495 551 1523 uocabi
566 1495 655 1522 filium
671 1503 777 1521 meum.

336 1543 356 1558 ¹⁶
366 1548 434 1570 tunc
448 1542 572 1570 herodes
588 1541 690 1569 uidens
706 1540 785 1578 quod
800 1540 915 1568 delusus
930 1544 1005 1568 esset
1021 1549 1037 1567 a
1052 1540 1152 1576 magis.

884 1269 954 1288 ecce
987 1259 1109 1296 angelus
1144 1258 1256 1286 domini
1288 1258 1420 1295 apparuit
1450 1258 1551 1295 ioseph
1582 1258 1611 1285 in
1645 1258 1755 1286 somnis

405 1317 490 1344 surge
511 1312 538 1335 et
558 1307 657 1344 accipe
678 1316 799 1343 puerum
822 1311 849 1334 et
871 1311 993 1334 matrem
1015 1307 1075 1334 eius
1098 1311 1125 1333 et
1147 1305 1214 1342 fuge
1238 1305 1266 1332 in
1289 1310 1445 1342 aegyptum
1469 1311 1495 1332 et
1519 1310 1580 1333 esto
1603 1305 1641 1332 ibi
1664 1314 1757 1342 usque

559 1354 684 1381 futurum
705 1359 747 1381 est
767 1353 845 1381 enim
861 1358 891 1380 ut
906 1353 1029 1381 herodes
1045 1357 1163 1390 quaerat
1178 1361 1298 1389 puerum
1315 1352 1434 1388 perdere
1450 1361 1526 1379 eum.

254 1411 377 1438 surgens
395 1402 506 1438 accepit
526 1410 648 1438 puerum
668 1406 696 1428 et
716 1405 835 1427 matrem
860 1400 920 1427 eius
941 1405 1034 1427 nocte.

601 1452 631 1475 ut
652 1447 855 1484 adimpleretur
871 1446 949 1483 quod
966 1446 1073 1474 dictum
1095 1450 1138 1474 est
1158 1455 1175 1473 a
1197 1445 1317 1473 domino
1339 1455 1390 1482 per
1410 1445 1585 1482 prophetam
1604 1446 1757 1474 dicentem.

1569 1351 1590 1366 ¹4
1599 1352 1645 1380 ille
1660 1357 1757 1380 autem

1078 1405 1105 1427 et
1126 1399 1193 1427 abiit
1212 1399 1241 1425 in
1256 1404 1421 1435 aegyptum.
1465 1399 1485 1413 ¹⁵
1495 1404 1522 1426 et
1538 1403 1597 1426 erat
1612 1399 1649 1426 ibi
1665 1408 1757 1435 usque

1196 1540 1284 1567 iratus
1299 1545 1341 1567 est
1357 1539 1551 1567 uehementer.

337 1594 364 1618 et
385 1590 502 1617 mittens
524 1588 628 1617 occidit
650 1597 753 1616 omnes
773 1596 878 1624 pueros
899 1587 948 1623 qui
966 1592 1048 1614 erant
1068 1587 1097 1614 in
1117 1586 1263 1614 bethleem
1281 1591 1309 1614 et
1329 1586 1358 1613 in
1377 1587 1513 1614 omnibus
1533 1586 1638 1614 finibus
1658 1586 1719 1614 eius
1739 1595 1756 1614 a

254 1637 365 1665 bimatu
381 1642 409 1664 et
423 1636 505 1664 infra.

548 1635 709 1663 secundum
725 1640 838 1671 tempus
854 1634 932 1670 quod
947 1634 1119 1670 exquisierat
1134 1643 1150 1661 a
1166 1633 1267 1669 magis.

337 1684 436 1711 17tunc
453 1683 641 1720 adimpletum
657 1686 699 1709 est
714 1681 792 1718 quod
808 1681 915 1708 dictum
931 1686 972 1708 est
987 1690 1038 1717 per
1053 1680 1220 1708 hieremiam
1235 1679 1410 1716 prophetam
1427 1679 1580 1707 dicentem.
1616 1677 1636 1694 ¹3
1648 1688 1706 1707 uox
1727 1679 1756 1706 in

256 1740 336 1759 rama
351 1730 447 1758 audita
462 1734 513 1758 est.
548 1729 677 1766 ploratus
693 1734 721 1756 et
738 1728 858 1755 ululatus
874 1727 991 1756 multus.
1028 1727 1125 1755 rachel
1141 1727 1260 1764 plorans
1276 1726 1350 1754 filios
1371 1735 1439 1754 suos
1460 1732 1487 1754 et
1503 1727 1594 1754 noluit
1614 1726 1757 1755 consolari

255 1778 323 1815 quia
337 1787 397 1806 non
413 1782 487 1806 sunt.

531 1776 551 1791 ¹⁹
563 1775 699 1804 defuncto
715 1780 812 1802 autem
830 1775 936 1803 herode
956 1784 1025 1803 ecce
1046 1774 1177 1811 apparuit
1197 1774 1317 1810 angelus
1340 1773 1450 1801 domini
1470 1774 1500 1801 in
1522 1774 1634 1802 somnis
1653 1773 1757 1810 ioseph

256 1826 285 1853 in
311 1829 437 1861 aegypto
457 1824 479 1839 ²⁰
490 1824 587 1852 dicens
610 1831 732 1859 surgens
756 1822 855 1858 accipe
877 1830 999 1858 puerum
1022 1826 1050 1849 et
1068 1826 1191 1849 matrem
1214 1821 1283 1848 eius.
1320 1825 1347 1848 et
1369 1820 1444 1848 uade
1466 1820 1496 1847 in
1518 1825 1623 1848 terram
1643 1820 1755 1848 israhel.

292 1936 328 1959 13.
347 1937 421 1960 quum
450 1928 480 1951 Θ.
531 1928 728 1951 recessissent:
758 1925 898 1949 recessisent
924 1926 952 1954 L,

257 1968 358 1999 regressi
371 1971 450 1991 essent
463 1967 515 1995 CT,
525 1966 681 1997 regressisent
694 1966 752 1994 DR,
766 1965 908 1996 regresisent
922 1965 953 1995 Q.

257 2006 377 2037 hangelus
387 2006 414 2034 C,
427 2005 546 2036 anguelus
558 2006 588 2028 Ι).
623 2006 728 2028 somnis
739 2004 860 2035 <sompnis
869 2004 936 2034 QW)
948 2012 953 2027 z

257 2046 353 2069 somnio
370 2045 469 2068 Assch
481 2048 503 2068 et
516 2045 549 2068 B.
562 2045 600 2068 M.
614 2044 672 2074 ch.
689 2050 698 2066 1
714 2044 741 2066 B.
754 2043 796 2072 vii,
815 2043 895 2066 somni
912 2043 953 2066 ΑΘ.

257 2092 329 2115 surge
349 2084 434 2115 accipe
457 2092 503 2107 om.
527 2086 556 2106 et
579 2082 611 2108 Ξ.
664 2083 791 2113 aegiptum
813 2082 889 2110 ERT,
914 2089 953 2104 ae-

257 2127 359 2155 geptum
378 2124 405 2151 L,
425 2122 536 2153 egiptum
554 2122 595 2146 W.
637 2122 731 2152 husque
748 2121 777 2144 C.
820 2120 906 2144 erodes
924 2120 954 2149 T,

257 2163 357 2186 herodis
369 2162 446 2191 LQR,
460 2161 539 2184 erodis
552 2162 584 2184 D.
620 2164 704 2191 querat
714 2160 802 2184 ERW.
836 2167 954 2187 puerum

264 2209 281 2225 ψ
291 2201 365 2225 istum
378 2201 473 2231 DELQ
490 2200 522 2223 B.
536 2200 574 2223 All.
588 2200 647 2230 ch.
662 2206 671 2222 1
687 2200 718 2222 A.
733 2199 800 2222 xviii.
843 2201 878 2222 ad
895 2206 954 2226 per-

258 2242 382 2263 dentium
394 2247 439 2263 om.
452 2246 515 2262 eum
529 2239 556 2262 L.

294 2286 330 2309 14.
348 2278 440 2309 accipit
460 2277 590 2308 E*L*QR.
625 2280 744 2300 matrem
760 2285 806 2300 om.
823 2278 883 2299 eius
902 2276 953 2299 LR.

258 2320 390 2341 recessit:
409 2317 507 2341 secessit
525 2316 650 2340 DJLRW
663 2324 701 2346 vg.
722 2316 755 2347 [et
768 2316 869 2339 Bentlez'
885 2316 954 2339 DEF

259 2357 359 2387 OW‹1>],
375 2356 452 2388 surgit
470 2357 507 2384 E;
531 2358 552 2378 -t
569 2356 597 2378 in
614 2363 662 2378 ras.
677 2355 708 2378 K.
744 2354 870 2386 aegiptum
887 2354 955 2377 ELT

260 2398 321 2427 (non
334 2397 377 2425 R),
391 2398 507 2426 aegytum
519 2395 550 2423 Y,
564 2395 674 2425 egiptum
685 2395 725 2422 W,
737 2398 844 2424 aegypto
855 2394 882 2417 J.

294 2442 330 2465 15.
348 2435 441 2466 busque
455 2454 460 2459 .
473 2453 479 2458 .
493 2434 606 2457 hobitum
623 2434 651 2457 C.
686 2433 767 2456 erodis
780 2433 836 2462 DT,
853 2433 955 2456 herodes

259 2474 309 2497 H*.
343 2473 511 2504 adinpleretur
529 2472 631 2496 CDLR.
666 2479 682 2495 a
701 2473 816 2495 domino
836 2479 881 2494 om.
905 2472 954 2494 EL.

259 2513 322 2544 prof.
333 2513 411 2536 DLR.
442 2513 543 2543 aegipto
552 2511 652 2539 DELT,
666 2511 751 2542 egipto
759 2511 799 2534 W.
826 2511 915 2533 uocabi
925 2510 954 2533 T.

295 2550 332 2575 16.
351 2551 449 2575 herodis
467 2551 559 2581 L*QR‚
581 2551 661 2574 erodis
680 2551 712 2574 D.
749 2549 867 2573 herodens
884 2550 955 2580 lapsu

255 2594 303 2622 pro
314 2592 434 2614 herodes
446 2591 546 2613 uidens
557 2590 585 2613 C.
620 2591 754 2617 quoniam
762 2595 780 2613 ÷
788 2589 838 2612 iam
847 2589 878 2612 D.
913 2590 954 2611 in-

259 2631 339 2653 lusus
350 2630 414 2653 codd.
425 2638 429 2652 :
448 2628 535 2653 illusus
543 2629 631 2659 Wvg„
644 2628 748 2651 inlussus
758 2628 787 2656 R,
803 2627 912 2651 delussus
926 2627 954 2655 L,

1059 1925 1164 1948 dilussus
1175 1926 1207 1948 D.
1238 1928 1325 1948 esset:
1343 1929 1378 1948 est
1389 1924 1435 1948 X*.
1464 1925 1579 1955 magisH
1591 1925 1678 1956 (afsup.
1688 1926 1756 1954 lim).

1057 1964 1168 1987 hoccidit
1192 1964 1220 1987 C.
1266 1971 1383 1991 pueros:
1414 1964 1517 1987 infantes
1541 1964 1571 1994 Q.
1617 1969 1667 1988 erat
1691 1964 1757 1988 YZ*.

1058 2005 1217 2026 bethleem:
1236 2003 1346 2026 bethlem
1361 2003 1463 2031 DLRT,
1480 2003 1619 2027 bethlehem
1633 2011 1670 2034 vg.
1700 2005 1758 2027 Post

1058 2043 1124 2066 beth.
1136 2050 1182 2065 om.
1196 2045 1224 2065 et
1234 2043 1264 2065 X.
1300 2044 1405 2065 finibus
1416 2050 1420 2064 t
1441 2042 1581 2073 regionibus
1593 2043 1621 2065 R.
1658 2050 1755 2066 saecun-

1058 2082 1117 2104 dum
1131 2082 1161 2112 Q.
1190 2084 1301 2108 tempus
1312 2087 1327 2105 4-
1336 2081 1422 2104 stellae
1432 2081 1454 2104 T
1464 2089 1495 2104 m.
1508 2090 1553 2105 rec.
1583 2082 1715 2113 exquisirat
1726 2082 1755 2111 L,

1057 2120 1221 2151 exquessiernt
1236 2121 1267 2143 D.

1093 2164 1130 2189 17.
1150 2159 1243 2190 adinpl.
1258 2159 1357 2182 CLRY.
1392 2160 1557 2182 hieremiam
1573 2167 1629 2182 cum
1646 2160 1757 2183 ABFQ?

1057 2197 1274 2221 JKM‘UVXYZ:
1299 2197 1440 2220 hierimiam
1460 2198 1516 2226 ΕΗ,
1538 2198 1682 2222 iheremiam
1703 2199 1756 2226 CT,

1057 2237 1192 2260 heremiam
1211 2237 1242 2266 Q,
1260 2236 1391 2259 herimiam
1408 2236 1437 2264 L,
1457 2237 1582 2260 hirimiam
1600 2237 1630 2266 R,
1648 2237 1705 2261 here
1722 2239 1756 2267 D,

1057 2276 1183 2300 ieremiam
1197 2276 1229 2298 W
1239 2283 1277 2306 vg.
1313 2275 1374 2306 prof.
1388 2276 1466 2299 DLR.

1092 2316 1128 2338 18.
1148 2322 1240 2338 rama:
1265 2314 1351 2338 rhama
1372 2315 1399 2338 Β,
1439 2315 1564 2338 hululatus
1579 2316 1608 2339 C.
1646 2318 1755 2339 rachel:

1057 2354 1157 2377 racheal
1170 2354 1198 2382 L,
1212 2353 1276 2376 racel
1290 2353 1319 2376 T.
1354 2354 1476 2377 consulari
1489 2354 1641 2385 DELQRY.

1092 2400 1128 2423 19.
1146 2392 1218 2416 crode
1236 2393 1268 2415 D.
1305 2395 1434 2420 apparuit
1452 2395 1567 2420 angelus
1580 2396 1687 2417 domini
1700 2403 1755 2417 [mn

1058 2432 1103 2455 AC
1112 2431 1209 2461 (hang.)
1223 2431 1396 2461 Dt'anguelus)
1410 2432 1611 2463 EFHQJ(adp.)
1626 2433 1756 2464 KLM‘QT

1057 2470 1171 2494 UVXY:
1204 2473 1230 2495 >
1248 2470 1351 2499 angelus
1380 2471 1475 2494 domini
1504 2472 1618 2502 apparuit
1642 2472 1698 2495 RW
1716 2481 1754 2503 zgr.

1063 2509 1141 2532 Tisslz.
1161 2509 1201 2539 (cf.
1214 2507 1321 2538 ἅγγελος
1336 2509 1416 2539 κυρίου
1429 2509 1559 2540 φαίνεται).
1592 2512 1702 2542 sompnis
1715 2512 1755 2535 W.

1058 2549 1160 2579 aegipto
1173 2548 1225 2575 LT,
1239 2547 1324 2578 egipto
1338 2549 1400 2572 EW.

1093 2595 1129 2612 20.
1149 2588 1260 2617 israhel,
1281 2587 1309 2618 cf
1328 2588 1363 2611 ad
1378 2597 1441 2612 ucrs.
1460 2588 1482 2612 6.
1517 2591 1713 2614 enim÷omnes
1725 2590 1754 2613 T.

1058 2627 1191 2658 querebant
1204 2627 1390 2652 CDEHLRW.
