2258 3157
439 222 717 251 PRAEFATIO.
759 221 855 250 CAP.
884 221 955 250 VII.
1000 218 1256 249 EDITJONES
1277 218 1423 247 ALIAE
1446 216 1654 247 CITATAE.
1712 212 1797 243 xxix

388 314 571 346 Old-Latia
586 314 728 346 Biblical
746 315 776 344 T
773 319 850 352 exts,
868 315 931 345 No.
952 314 976 352 Ι,
993 314 1082 354 App.
1103 314 1127 344 I.
1169 314 1263 344 Haec
1280 313 1381 343 editio
1399 311 1566 352 Uulgatae
1582 309 1722 340 Latinae
1739 317 1798 348 pro

386 366 601 398 fundamento
617 372 666 397 est
683 371 843 406 quantum
861 366 990 396 scimus.
1030 366 1138 396 Huius
1155 365 1227 395 libri
1240 363 1353 406 (1546)
1366 363 1536 403 exemplar
1549 372 1647 402 penes
1664 370 1723 390 nos
1740 363 1799 389 est.

298 416 343 459 {2
359 432 390 444 =
408 419 521 449 Editio
534 418 752 455 Hentem'ana,
766 418 907 458 primum
926 417 1066 448 Louanii
1084 417 1172 448 edita
1183 427 1269 446 anno
1286 422 1365 455 1547
1379 426 1398 445 a
1411 415 1480 445 Ioh.
1495 413 1673 449 Hentenio,
1684 410 1799 441 Mech-

385 469 510 507 linensi‚
536 474 567 500 et
591 470 781 509 saepissime
807 469 955 509 repetita.
1004 468 1154 499 Citamus
1178 479 1219 498 ex
1249 468 1363 498 Bibliis
1389 465 1569 505 magnificis
1595 463 1800 503 Antuerpiae

386 522 492 558 editis,
514 522 652 551 Plantin.
679 520 768 561 1583,
787 531 927 560 quorum
952 521 984 550 in
1010 521 1155 560 margine
1180 520 1335 550 lectiones
1359 517 1621 558 congregationis
1649 515 1801 546 Sixtinae

385 573 525 613 scriptae
544 578 619 603 sunt
636 571 686 613 (cf.
703 572 767 602 cad.
784 571 912 612 caras).
959 572 1066 602 Huius
1082 572 1155 602 libri
1176 571 1346 611 exemplar
1362 580 1461 611 penes
1478 580 1537 600 nos
1554 573 1612 599 est.

300 622 336 662 ᾖ
353 639 383 651 =
401 624 514 655 Editio
534 624 675 660 statiua,
694 624 822 654 Romae
843 630 934 662 1590.

299 676 335 709 ΕΓ]
350 690 380 703 =
399 676 513 707 Editio
534 676 740 713 clementina,
756 676 855 706 hodie
872 676 903 705 in
922 674 1069 706 Ecclesia
1086 675 1238 706 Romana
1254 674 1383 711 usitata,
1401 673 1529 703 Rornae
1553 677 1644 711 1592.
1692 670 1800 700 Huius

385 727 460 758 libri
477 727 649 768 exemplar
665 738 765 767 penes
782 737 841 757 nos
859 732 917 757 est.

299 789 349 818 ig.
366 793 395 805 z
415 780 647 810 concordantia
663 778 778 809 harum
795 784 950 818 quattuor
966 778 1147 808 editionum
1164 788 1244 817 quas
1260 782 1419 817 perpetuo
1436 776 1467 806 in
1484 775 1604 806 notulis
1620 774 1769 804 citamus.

298 830 402 861 Beatl.
421 845 451 857 z
468 831 565 861 lectio
589 831 737 867 Bentleii,
755 841 847 870 quae,
864 830 924 860 nisi
946 830 1040 860 aliter
1055 834 1197 867 notatur,
1215 840 1256 859 ex
1276 829 1360 858 libro
1377 828 1430 858 Tr.
1449 827 1533 858 Coll.
1547 826 1640 857 Cant.
1658 825 1693 855 B.
1715 834 1762 864 17.
1780 824 1799 854 6

385 883 561 923 desumpta
578 888 636 912 est.
685 881 834 912 Citamus
850 882 950 912 etiam
972 881 1148 921 aliquando
1165 881 1367 912 coniecturas
1385 879 1521 909 Bentleii
1545 879 1576 908 in
1593 878 1676 908 libro
1695 877 1731 907 B.
1751 883 1800 915 17.

390 942 428 971 14
444 939 598 964 seruatas.
646 934 734 964 Uide
751 944 857 973 supra,
875 933 955 972 Cap.
974 933 1031 963 IV.

303 985 406 1016 Tz'sclz.
424 1000 454 1012 z
473 985 508 1016 C.
526 984 763 1016 Tischendorfii
785 985 918 1015 [Vanum
944 984 974 1014 T
973 989 1186 1015 cstammtnm
1208 983 1330 1014 Latiae
1354 993 1393 1013 ex
1414 981 1684 1022 t1¹2gl0ttz's‚Lips.
1707 979 1799 1016 1864,

385 1038 474 1077 quod
492 1037 559 1068 fere
577 1037 786 1067 solummodo
806 1037 943 1067 citamus
961 1047 1035 1066 cum
1053 1047 1072 1066 a
1088 1036 1227 1066 lectione
1244 1040 1354 1065 nostra
1369 1034 1549 1064 dissentiat.

303 1088 408 1120 Tz'sclc.
426 1089 477 1119 uel
499 1088 602 1119 Tz'sclz.
621 1088 638 1118 8
656 1089 687 1118 in
705 1088 768 1119 fine
784 1089 934 1119 codicum
952 1087 1151 1119 Graecorum
1176 1087 1229 1117 uel
1246 1087 1426 1117 editionum
1444 1085 1540 1115 refert
1562 1084 1603 1114 ad
1621 1083 1799 1114 editionem

385 1140 454 1171 eius
478 1146 630 1171 octauam
655 1140 749 1170 Noni
775 1140 972 1170 Testamenti
991 1139 1117 1175 Graece,
1136 1139 1226 1179 Lips.
1246 1137 1340 1177 1872,
1357 1148 1399 1168 ex
1423 1147 1488 1177 qua
1511 1137 1640 1167 codices
1663 1145 1799 1175 graecos

407 1193 430 1222 it
455 1203 487 1222 re
528 1192 559 1222 ol
583 1203 664 1222 mus.

309 1241 356 1272 W.
368 1203 713 1281 [ἓ.ἐΝ.5Τ.ῗιῃάεεεει
725 1241 760 1271 B.
775 1241 810 1271 F.
822 1240 986 1271 Westcott
997 1246 1029 1271 et
1043 1241 1079 1270 F.
1092 1240 1116 1270 Ι.
1136 1240 1178 1270 A.
1196 1240 1284 1270 Hort
1297 1238 1528 1279 Cantabrigiae
1545 1237 1668 1268 editum
1683 1235 1777 1265 1881.

426 1350 509 1381 CAP.
526 1350 605 1381 VII.
650 1349 823 1380 Editioues
846 1349 931 1379 aliae
947 1354 1044 1388 peaes
1067 1359 1123 1379 nos
1146 1349 1180 1379 in
1203 1348 1278 1378 locis
1300 1346 1533 1388 dffciliom'bas
1555 1346 1681 1376 citatae.

336 1429 377 1455 Cf.
392 1429 548 1455 Elenchum
570 1428 661 1454 Caroli
676 1427 844 1454 Uercellonii
864 1427 930 1453 Uar.
944 1428 1017 1452 Lect.
1031 1428 1051 1458 Ι,
1065 1435 1110 1460 pp.
1125 1426 1256 1457 xcvissciv,
1271 1431 1298 1452 et
1320 1427 1356 1458 ΙΙ,
1370 1424 1502 1456 xxi-xcxvi,
1517 1423 1562 1450 ubi
1583 1423 1719 1450 editiones
1739 1423 1801 1456 plus

407 1476 456 1503 179
474 1471 509 1496 ab
531 1478 605 1495 anno
629 1476 691 1501 1471
715 1477 801 1503 usque
824 1469 860 1494 ad
886 1477 989 1494 annum
1012 1475 1078 1501 1599
1099 1473 1284 1494 recensentur.
1323 1467 1398 1494 Uide
1420 1466 1505 1492 etiarn
1519 1467 1658 1492 Westcott
1685 1465 1802 1499 Vulgata

405 1520 432 1545 p.
446 1518 521 1545 1705,
536 1517 562 1537 et
584 1513 621 1537 Le
643 1512 721 1544 Long
740 1511 782 1536 ed.
799 1511 908 1538 Masch‚
928 1510 1101 1535 Bibliotheca
1120 1510 1217 1541 Sacra,
1234 1510 1362 1542 1778—90.

303 1573 329 1594 1.
346 1564 399 1594 Fr.
411 1564 452 1594 de
462 1564 629 1594 Hailbmm
643 1569 675 1594 et
692 1564 763 1594 Nic.
776 1564 817 1593 de
831 1562 1048 1593 Franksordia
1062 1562 1180 1593 Uenet.
1197 1562 1277 1601 1476
1291 1562 1323 1591 in
1335 1566 1392 1599 4to
1409 1561 1540 1598 maiore,
1553 1560 1607 1600 qui
1620 1559 1800 1590 secundum

388 1616 631 1646 Uercellonium
644 1615 758 1645 similis
775 1620 823 1645 est
840 1615 890 1645 ed.
904 1614 1023 1645 Uenet.
1041 1620 1131 1652 1475,
1145 1618 1248 1654 ‘quae
1265 1618 1313 1644 est
1330 1613 1436 1653 prima
1448 1613 1535 1643 inter
1552 1616 1685 1642 uenetas
1701 1616 1733 1641 et
1747 1620 1800 1641 ac—

387 1668 475 1698 cedit
493 1667 707 1707 moguntinae
723 1667 797 1697 anni
818 1665 918 1703 1462?

302 1728 329 1749 2.
355 1719 518 1750 Leonard.
552 1718 643 1749 Wild
668 1719 709 1749 de
738 1718 922 1748 Ratisbona
954 1717 1103 1748 Uenetiis
1130 1717 1208 1754 1481
1244 1716 1299 1747 fol.
1347 1716 1443 1746 ‘Non
1471 1716 1589 1746 desunt
1620 1714 1800 1755 singulares

387 1769 562 1801 lectiones'
582 1770 678 1801 Uere.

353 1822 511 1853 Nicolaus
527 1822 655 1852 Kesler.
703 1821 850 1852 Basileae
871 1820 950 1859 1487
969 1821 1024 1851 fol.
1072 1821 1149 1851 Non
1167 1826 1215 1851 est
1233 1820 1265 1850 in
1284 1819 1482 1851 Uercellonii
1499 1819 1651 1850 elenchis.

354 1874 490 1904 Hieron.
507 1874 548 1904 de
566 1874 753 1913 Pagauz'm's
772 1873 960 1910 Brixiensis,
978 1873 1097 1903 Uenet.
1125 1879 1205 1911 1497
1232 1872 1264 1901 in
1290 1872 1323 1901 8Ο
1340 1871 1391 1902 uel
1407 1875 1441 1908 4⁰
1465 1871 1600 1909 minore,
1624 1871 1801 1901 emendata

386 1936 444 1966 per
461 1926 594 1956 Petrum
611 1925 765 1965 angelum
782 1926 823 1956 de
841 1930 953 1955 monte
971 1924 1063 1955 Uimi
1080 1924 1204 1955 ordinis
1222 1924 1400 1954 Minorum.

299 1983 330 2016 5.
356 1978 403 2008 Io.
419 1977 551 2014 Froben,
568 1977 676 2007 Biblia
700 1987 774 2007 cum
796 1977 907 2017 glossa
927 1976 1100 2012 ordinaria,
1119 1975 1268 2006 Basileae
1290 1982 1371 2015 1502
1389 1975 1444 2006 fol.
1489 1975 1566 2005 Non
1588 1979 1639 2005 est
1661 1974 1695 2004 in
1716 1974 1800 2005 Uer-

387 2029 515 2060 cellonii
533 2028 683 2059 elenchis.

300 2081 328 2110 6.
355 2081 493 2111 Iacobus
512 2081 625 2117 Βαίου,
643 2081 793 2120 Lugdun.
814 2086 894 2120 1515
913 2080 944 2110 in
963 2079 1004 2109 8⁰.

301 2139 330 2171 7.
355 2132 496 2162 Iacobus
515 2132 628 2168 δαίσῃ,
645 2132 799 2172 Lugdun.
819 2140 900 2171 1519
919 2132 950 2161 in
967 2131 1044 2162 folio
1061 2141 1135 2162 cum
1152 2132 1244 2162 tabb.
1261 2131 1351 2171 ligno
1368 2130 1477 2162 incisis
1493 2130 1647 2171 expensis
1659 2130 1801 2161 Antonii

388 2183 562 2224 Koberger
585 2184 884 2223 Norimburgensis,
909 2193 983 2214 cum
1008 2184 1105 2214 uariis
1133 2183 1327 2214 lectionibus
1354 2183 1385 2213 in
1420 2193 1521 2224 marg.
1567 2183 1645 2214 Non
1678 2187 1729 2214 est
1766 2182 1800 2213 in

388 2235 585 2265 Uercellonii
605 2235 756 2266 elenchis.

301 2286 329 2316 8.
354 2286 489 2317 Nouum
507 2287 759 2317 Testamentum
778 2287 1008 2317 Erasmianum
1026 2285 1160 2327 (Latine
1182 2285 1344 2328 tantum);
1371 2285 1556 2317 Colmariae
1577 2286 1610 2316 in
1634 2284 1798 2328 aedi(bus)

386 2337 535 2368 Amandi
554 2338 725 2369 Farckallii
737 2349 823 2369 anno
842 2345 1027 2376 M.D.XX111,
1046 2349 1089 2368 ex
1105 2338 1248 2369 editione
1266 2343 1301 2369 ut
1318 2338 1447 2369 uidetur
1458 2339 1554 2369 tertia
1570 2338 1645 2368 anni
1663 2343 1755 2376 1522.

300 2398 329 2429 9.
354 2388 426 2419 Ioh.
442 2389 641 2427 flsaresclzal,
658 2390 766 2429 Lugd.
788 2396 866 2430 1531
886 2390 918 2420 in
937 2389 978 2419 8⁰.
1026 2390 1078 2420 De
1094 2400 1159 2429 qua
1174 2390 1270 2421 Uerc.
1287 2390 1420 2421 ‘Refert
1438 2391 1615 2421 editionem
1635 2390 1799 2429 Stephan-

386 2441 469 2472 icam
486 2442 548 2472 sub
569 2451 704 2472 numero
721 2440 780 2480 58‚’
798 2442 852 2472 i.e.
869 2442 918 2472 ed.
936 2442 1076 2481 primam
1099 2441 1343 2482 Stephanicam,
1361 2442 1459 2472 Paris.
1479 2442 1561 2481 1528
1584 2442 1616 2472 in
1636 2442 1736 2478 folio3
1760 2441 1798 2472 cf.

387 2503 447 2523 nos
465 2493 647 2524 Old-Latin
664 2492 804 2524 Biblz‘cal
822 2493 924 2529 Texts³
942 2504 994 2524 no.
1013 2493 1038 2531 Ι,
1057 2493 1167 2524 Oxon.
1189 2492 1280 2534 1883,
1297 2505 1328 2534 p.
1347 2501 1396 2532 47.

304 2554 352 2575 10.
374 2545 413 2575 In
424 2545 476 2575 off.
485 2545 842 2586 LuceAntoniiIzmtae
851 2545 1151 2585 Uenet Ian.1534.
1175 2546 1438 2576 ‘Testamentum
1450 2555 1572 2576 nouum
1583 2546 1676 2576 iuxta
1688 2548 1797 2575 uetere

387 2597 632 2628 translationem
659 2597 688 2627 &
714 2607 809 2638 greca
840 2597 1007 2637 exeplaria
1039 2597 1207 2637 recogniti]
1239 2608 1276 2628 ac
1304 2598 1555 2638 diligentissime
1580 2595 1795 2638 castigatum}

299 1832 329 1912 ὓς.»
