2258 3157
434 254 475 294 36
916 250 1144 280 CAPITULA
1171 250 1228 278 IN
1250 249 1569 279 EUANGELIUM

684 339 788 363 AUVY.

436 386 558 415 LXXV.
582 385 753 414 Temtantes
779 384 814 412 de
841 384 946 412 tributo
972 393 1037 411 cae-

477 434 547 462 saris
611 432 708 461 dando
756 431 1038 468 suprainseriptionis

476 480 523 508 uel
559 480 692 516 imaginis
729 478 955 514 interrogatione
989 477 1037 505 de-

478 527 587 555 struxit.

436 573 574 602 LXXVI.
596 573 642 601 De
664 582 758 601 uxore
783 577 893 608 septem
919 571 1036 598 fratrum

476 625 628 649 temtantes
658 620 795 648 inrisores
821 618 1036 646 resurrectionis

475 667 641 695 incredulos
656 666 749 703 arguit
766 665 957 693 sadducaeos.

436 714 590 742 LXXVII.
615 714 658 742 De
675 722 785 750 magno
806 712 877 749 Iegis
898 712 1036 740 mandato

477 766 612 789 temtatus
635 760 784 797 respondit
809 759 969 787 dilectionis
991 758 1036 786 dei

476 814 504 836 et
520 808 643 845 proximi
659 808 784 845 primum
800 816 872 835 esse.

435 856 605 884 LXXVIII.
630 854 822 891 Interroganti
843 854 963 882 domino
987 862 1035 881 cu—

476 904 519 931 ius
549 903 623 930 filius
648 907 722 931 esset
749 901 869 929 christus
901 909 967 929 cum
992 909 1036 928 re-

476 950 660 987 spondissent
672 947 815 986 pharisaei
830 947 927 981 dauid,
938 947 1036 975 audito

475 997 624 1025 centesimi
653 996 724 1024 noni
758 995 862 1032 psalmi
893 994 1036 1032 principio

476 1050 634 1072 tacuerunt.

436 1091 622 1119 LXXVIIII.
646 1090 716 1118 Non
745 1099 819 1126 quae
849 1089 956 1117 faciunt
986 1088 1035 1116 sed

475 1148 550 1175 quae
582 1138 680 1166 dicunt
713 1137 855 1174 pharisaei
890 1136 1035 1173 praecepit

475 1185 657 1219 faciendum;
691 1184 884 1221 multipliciter
907 1183 1036 1219 increpat

475 1233 643 1270 pharisaeos
666 1232 701 1260 de
727 1231 882 1268 proselyto.
902 1230 938 1258 de
961 1231 1034 1257 iura-

475 1285 583 1313 mento,
599 1279 635 1307 de
658 1279 768 1307 camelo
787 1283 815 1306 et
830 1278 930 1311 culice,
947 1277 1034 1305 calice

476 1333 503 1355 et
526 1327 633 1360 catino,
659 1325 855 1354 monumentis
881 1334 931 1353 eos
954 1333 1035 1352 com-

477 1383 583 1412 parans
599 1373 748 1401 dealbatis.

437 1427 559 1455 LXXX.
582 1427 657 1454 Item
672 1425 765 1462 arguit
777 1424 944 1462 pharisaeos
959 1423 1035 1451 aedi-

477 1474 596 1502 ficantes
619 1472 770 1510 sepulchra
787 1471 992 1509 prophetarum
1009 1475 1035 1498 et

477 1521 514 1549 ad
543 1520 715 1548 hierusalem
745 1519 812 1547 dicit
844 1518 954 1555 lapidas
986 1526 1035 1545 eos

478 1568 526 1604 qui
541 1567 579 1595 ad
593 1572 620 1595 te
636 1567 715 1595 missi
732 1571 804 1593 sunt.

437 1615 575 1643 LXXXI.
601 1613 759 1651 Discipulis
795 1612 1037 1648 interrogantibus

478 1663 595 1699 signum
621 1661 762 1689 aduentus
788 1665 816 1688 et
843 1659 907 1687 finis
933 1658 1037 1686 saeculi

477 1709 567 1736 multa
583 1708 714 1737 cauenda
729 1707 873 1744 praecipit.

437 1756 592 1784 LXXXII.
614 1755 805 1792 Uigilandum
828 1753 967 1791 praedicit
988 1762 1038 1780 ne-

477 1803 631 1832 scientibus
642 1802 743 1830 horam
756 1801 897 1829 aduentus
909 1800 960 1833 sui,
972 1799 1039 1826 sub-

478 1851 567 1879 iciens
596 1849 765 1887 parabolam
792 1848 827 1876 de
853 1847 955 1875 decem
982 1846 1038 1874 uir-

478 1898 601 1934 ginibus.

438 1944 608 1972 LXXXIII.
631 1943 804 1971 Parabolam
821 1941 889 1969 dicit
913 1940 1038 1969 hominis

477 1993 568 2019 tribus
584 1991 673 2019 seruis
682 1990 789 2018 talenta
806 1989 911 2017 diuersi
927 1987 1038 2015 numeri

478 2037 718 2067 commendantis.

439 2085 626 2113 LXXXIIII.
648 2085 694 2112 Ex
709 2084 844 2112 omnibus
860 2082 994 2119 gentibus
1010 2081 1038 2108 in

478 2133 585 2161 iudicio
598 2132 760 2169 positurum
773 2140 803 2158 se
820 2129 956 2167 praedicit
969 2137 1039 2157 oues

479 2189 496 2208 a
512 2179 627 2213 dextris,
644 2178 735 2206 hedos
750 2187 767 2205 a
783 2176 911 2205 sinistris.

1300 335 1320 359 C

1092 385 1225 412 XXIII.
1246 384 1296 411 De
1321 382 1543 415 inscriptione

1173 433 1207 459 et
1244 429 1425 465 hymagine
1464 430 1542 456 Cae-

1173 478 1269 506 saris.

1143 525 1159 552 i.
1182 524 1228 552 De
1244 523 1364 551 muliere
1386 531 1462 559 quae
1478 531 1541 558 sep-

1214 577 1273 599 tem
1289 570 1389 598 fratres
1405 569 1510 597 habuit.

1135 619 1161 646 ii.
1185 618 1360 654 Temptatus
1389 626 1406 645 a
1435 616 1542 644 fariseis

1214 666 1372 701 interrogat
1381 673 1432 692 eos
1441 664 1475 691 de
1483 666 1542 700 xpo

1214 712 1295 740 cuius
1310 711 1384 739 filius
1399 715 1500 738 aesset.

1122 760 1157 787 iii.
1180 759 1216 787 Et
1232 758 1391 795 discipulos
1403 758 1453 786 hut
1466 767 1542 795 quae

1193 806 1287 834 farisei
1297 806 1396 834 dicunt
1407 805 1457 833 sed
1468 813 1542 841 quae

1194 853 1303 881 faciunt
1319 861 1379 880 non
1396 851 1508 879 faciant.

1091 900 1219 928 XXIIII.
1235 902 1395 934 Increpat:
1406 900 1542 927 Scribas

1192 943 1373 976 phariseos.

1172 988 1218 1016 De
1244 987 1383 1025 proselito
1410 986 1445 1015 de
1468 987 1540 1014 iura-

1131 1040 1231 1064 mento
1243 1035 1277 1063 de
1291 1034 1404 1062 camelo
1416 1033 1540 1061 etculice

1131 1088 1159 1111 et
1171 1082 1258 1110 calice
1269 1087 1297 1109 et
1308 1081 1403 1109 catino
1413 1080 1540 1108 labando

1131 1135 1159 1157 et
1181 1128 1378 1157 monumentis
1401 1127 1541 1156 dealbatis

1131 1182 1159 1204 et
1195 1175 1394 1203 monumentis
1432 1174 1539 1211 profet-

1132 1232 1212 1251 arum
1224 1228 1252 1251 et
1263 1222 1325 1250 aliis
1341 1222 1446 1250 multis.

1091 1426 1186 1454 XXV.
1197 1426 1408 1455 Iherusalem
1423 1425 1540 1452 Iheru-

1192 1475 1305 1501 salem.

1142 1521 1157 1548 i.
1180 1520 1224 1548 De
1241 1524 1382 1548 structura
1398 1517 1497 1555 templi
1513 1523 1540 1545 et

1213 1567 1303 1604 signis
1313 1565 1540 1593 nouissimorum

1213 1614 1325 1642 dierum
1368 1618 1396 1640 et
1439 1612 1541 1640 diebus

1214 1660 1354 1688 breuiatis.

1135 1709 1160 1735 ii.
1183 1707 1228 1735 De
1252 1706 1477 1744 pseudochristis
1514 1712 1541 1733 et

1213 1753 1482 1792 pseudoprophetis.

1120 1803 1155 1830 iii.
1178 1801 1223 1830 De
1239 1802 1365 1829 aduentu
1384 1800 1541 1827 Saluatoris

1213 1855 1240 1876 et
1267 1848 1393 1876 hoccusu
1415 1847 1540 1875 elemen-

1214 1902 1316 1923 torum.

1108 1944 1153 1971 iiii.
1176 1943 1221 1971 De
1258 1942 1351 1970 decim
1385 1941 1542 1978 uirginibus

1215 1989 1259 2017 De
1275 1989 1415 2017 thalentis.

1133 2094 1156 2112 v.
1179 2084 1224 2112 De
1243 2084 1348 2111 ouibus
1363 2092 1379 2110 a
1391 2082 1500 2110 dextris
1516 2087 1543 2108 et

1214 2130 1296 2158 hedis
1326 2139 1342 2157 a
1368 2128 1493 2157 sinixtris
1516 2133 1542 2155 et

1214 2178 1249 2205 de
1266 2177 1403 2213 operibus
1419 2184 1528 2203 eorum.

472 2252 632 2276 LXXVIIII.
652 2251 763 2275 facienda
781 2251 865 2274 Tltom.

441 2319 463 2342 U
473 2285 618 2309 LXXXIII.
637 2285 762 2308 numeri:
781 2290 897 2306 nummen
911 2282 941 2308 V,
950 2289 1039 2304 numen

1125 2245 1225 2268 XXIII.
1257 2245 1289 2267 iii.
1310 2246 1408 2267 dieunt
1434 2249 1451 2267 4-
1476 2241 1542 2265 fiant.

1093 2279 1149 2301 ilem
1164 2278 1222 2300 fiant
1235 2281 1281 2308 pro
1295 2277 1392 2300 saciant.

1126 2311 1206 2334 XXV.
1242 2310 1266 2333 ii.
1302 2310 1333 2333 de
1357 2313 1404 2339 pro
1432 2312 1455 2331 ct
1486 2312 1543 2331 (mle

1093 2343 1273 2375 pseudoproph.

1637 334 1753 357 BH‹-).JT
1765 342 1822 357 aar.
1835 334 1911 357 Harl.
1928 340 1997 364 2797.

1593 379 1761 407 XX111.De
1773 380 1892 408 denario
1899 379 2042 408 Caesaris.

1592 520 1637 549 De
1666 520 1784 548 muliere
1813 529 1902 557 quam
1931 526 2042 558 septem

1632 567 1731 595 fratres
1747 567 1918 595 habuerunt.

1592 615 1641 643 Iris
1666 619 1823 651 temptatus
1846 623 1862 642 a
1885 614 2042 651 pharisaeis

1632 662 1789 698 interrogat
1801 670 1853 690 eos
1870 662 1952 689 cuius
1968 661 2042 689 filius

1633 709 1667 737 sit
1682 709 1811 737 christus.

1591 897 1720 924 XXIIII.
1745 897 1905 934 Increpans
1932 897 2041 925 scribas

1631 944 1718 978 dicit3
1745 953 1799 972 uae
1822 944 1907 972 uobis
1929 944 2040 972 scribae

1631 997 1658 1019 et
1674 991 1824 1028 pharisaei.

1590 1427 1686 1455 XXV.
1723 1427 1858 1464 Arguens
1901 1427 2038 1456 inclamat

1630 1474 1809 1502 hierusalem.

1671 1521 1717 1549 De
1741 1521 1887 1550 occisione
1917 1521 2041 1558 prophe-

1631 1574 1734 1596 tarum.

1672 1615 1718 1643 De
1751 1615 1839 1652 signis
1868 1615 2041 1643 nouissimo-

1632 1671 1695 1690 rum
1711 1662 1832 1690 dierum.

1674 1803 1718 1831 De
1741 1803 1867 1831 aduentu
1883 1802 2044 1830 saluatoris.

1672 1944 1717 1972 De
1733 1945 1834 1972 decem
1850 1943 2018 1980 uirginibus.

1672 1991 1719 2019 De
1734 1991 1858 2019 talentis.

1674 2085 1718 2113 De
1754 2085 1857 2112 ouibus
1891 2093 1908 2111 a
1937 2083 2043 2111 dextris

1633 2137 1660 2160 et
1676 2131 1775 2160 haedis
1791 2141 1807 2159 a
1822 2131 1952 2159 sinistris.

1625 2258 1724 2282 XXIII.
1752 2266 1815 2289 quae
1842 2261 1935 2288 septem
1959 2257 2045 2280 fratres

1592 2292 1681 2315 dieitur
1694 2291 1808 2314 habuisse
1821 2290 1851 2319 Θ,
1871 2298 1932 2321 quae
1949 2293 2043 2320 septem

1592 2325 1675 2348 fratres
1687 2324 1773 2347 habuit
1787 2323 1833 2346 BH
1847 2331 1904 2346 aur.
1934 2330 1980 2345 om.
1995 2329 2042 2345 eos

1592 2358 1669 2380 Πανί.
1695 2361 1757 2387 2797
1781 2364 1838 2379 aur.
1891 2355 1956 2378 filius
1979 2359 2042 2378 esset

1593 2390 1674 2415 ΒΗΘ,
1688 2389 1702 2413 f.
1716 2394 1752 2412 est
1764 2397 1822 2412 aur.

1624 2422 1705 2445 XXV.
1719 2430 1764 2445 om.
1777 2428 1897 2448 arguens
1910 2421 2042 2443 inclamat

1568 2452 1570 2466 ³
1593 2456 1657 2478 BIIJ
1672 2463 1677 2478 2
1699 2458 1746 2485 pro
1764 2461 1820 2481 arg.
1839 2454 1903 2476 incl.
1921 2456 1981 2479 clix:
2007 2452 2041 2474 in-

1568 2491 1569 2494 ’
1591 2488 1699 2518 crcpatio
1719 2487 1826 2510 ciuitatis
1844 2485 2001 2508 Hierusalem
2019 2486 2042 2505 (-)

1591 2529 1647 2543 am'.
1655 2528 1712 2547 [θυιΔ
1722 2520 1809 2546 Hier),
1817 2517 1971 2541 Hierusalem
1982 2517 2042 2539 Hie-

1568 2559 1569 2562 *
1590 2553 1696 2576 rusalern
1709 2552 1763 2575 BH.
1784 2559 1831 2574 om.
1844 2553 1878 2573 de
1892 2558 1948 2573 occ.
1963 2557 2041 2577 prop.

1593 2586 1657 2608 BHJ
1673 2585 1748 2608 llarl.
1762 2590 1830 2614 2797.
1852 2591 1876 2614 p.
1887 2590 1901 2605 ÷
1911 2586 1934 2605 et
1948 2582 2041 2612 lapida—

1590 2618 1696 2641 nonest).
1724 2620 1773 2640 †et
1795 2616 1869 2646 lapid.
1884 2614 2040 2638 Hierusalem

1590 2650 1734 2674 hierusalem
1747 2657 1803 2672 aur.
1813 2657 1858 2672 om.
1869 2656 1884 2671 a.
1894 2649 2001 2671 dextris
2009 2648 2039 2669 (-·).
