2209 3147
390 328 494 359 DEPGQ
506 336 562 351 aur.

227 702 370 731 XXXIII.
407 702 546 730 Hominis
588 700 726 738 parabuia

267 749 462 778 discendentis
478 750 515 777 ab
529 748 681 777 ierusalem
697 747 725 774 in

267 796 381 824 Iericho
397 801 425 824 et
440 796 540 824 incidit
555 795 585 823 in
600 795 726 822 latrones

266 843 331 871 Dfis
354 843 424 871 dixit
449 842 578 870 marthae
601 841 725 869 Mariam

266 890 407 927 optimam
422 894 534 926 partem
549 889 644 925 elegit.

225 1217 384 1246 XXXIIII.
414 1217 451 1246 Et
472 1216 580 1246 Petitus
598 1217 652 1245 dns
674 1216 726 1245 do-

267 1265 325 1293 cuit
340 1264 497 1302 discipulos
515 1273 598 1292 orare
614 1269 642 1292 et
660 1272 726 1300 pro-

266 1312 348 1349 ponit
360 1312 529 1349 parabulam
540 1311 663 1348 petentis
675 1320 724 1339 -111·

265 1368 355 1396 panes
371 1364 399 1387 et
415 1358 482 1387 dicit
498 1358 584 1395 petite
600 1362 628 1386 et
651 1357 725 1386 acci-

266 1406 357 1443 pietis.

225 1632 351 1662 XXXV.
387 1632 425 1660 Et
463 1632 539 1661 Cum
575 1632 725 1660 Diceretur

265 1680 345 1717 quod
368 1680 397 1707 in
418 1680 557 1708 belzebeb
583 1680 648 1708 iecit
675 1680 723 1708 de-

265 1726 365 1754 monia
388 1727 458 1754 dixit
482 1726 579 1755 Omne
601 1736 723 1764 regnum

266 1773 406 1802 diuissum
429 1773 584 1802 aduersum
610 1783 640 1801 se
664 1783 724 1801 non

267 1821 360 1848 stabit.

225 2014 366 2042 XXXVI.
389 2015 433 2043 De
453 2015 536 2053 signo
553 2016 643 2044 Ionae
658 2025 723 2053 pro—

265 2062 339 2090 fetae
355 2067 382 2090 et
399 2062 517 2090 lucerna
536 2063 663 2100 corporis
683 2064 723 2091 tui

266 2109 367 2137 oculus
382 2113 448 2137 tuus
463 2115 514 2137 est.

256 2233 382 2257 XXXIII.
409 2233 477 2257 ÷ubi
495 2234 555 2258 dicit
572 2235 606 2258 ad
620 2235 677 2258 init.
691 2235 722 2258 G.

223 2266 369 2297 parabulam
388 2266 466 2297 {PGQ
475 2275 532 2291 aur.
569 2269 618 2291 ab:
642 2268 672 2291 de
691 2268 722 2292 G.

222 2301 306 2322 ierus.
322 2306 339 2322 ψ
356 2299 519 2323 discendentis
529 2300 600 2330 lapsu
611 2301 641 2323 D.
678 2304 705 2323 et
716 2310 721 2324 z

223 2331 265 2362 qui
282 2339 339 2355 aur.
375 2333 428 2355 dfis
446 2334 519 2355 dixit
538 2333 586 2356 inc.
606 2333 722 2356 XXXIII

223 2364 303 2395 G(ubi
316 2364 339 2387 d.
349 2364 505 2394 dns)Q(dixit
518 2365 566 2391 ihs>
580 2374 635 2389 aur.
649 2365 722 2396 (dixit

223 2397 287 2426 dfisx,
298 2397 347 2420 inc.
357 2397 470 2420 XXXVI
482 2398 511 2420 {P
521 2398 593 2428 <dixit
603 2398 660 2425 ihs).
689 2399 721 2422 ad

222 2430 333 2453 marthae
346 2437 403 2453 aur.

256 2462 395 2486 XXXIIII.
409 2465 496 2493 etjam
509 2463 551 2487 ubi
561 2464 597 2492 G;
609 2471 654 2486 om.
662 2472 720 2488 aar.

256 2495 363 2518 XXXV.
381 2495 423 2518 ubi
436 2496 526 2519 dicitur
536 2496 567 2519 G.
602 2496 720 2520 belzebub

224 2527 257 2556 G,
267 2527 401 2551 beelzebub
413 2528 448 2556 ΞΡ,
459 2528 586 2552 beelzebul
599 2530 628 2560 Q.
663 2530 721 2553 eicit

223 2568 280 2583 aur.
294 2568 339 2583 om.
353 2563 504 2584 aduersum
517 2569 546 2585 se
559 2562 591 2585 G.

255 2593 378 2616 XXXVI.
397 2593 427 2617 de
439 2594 537 2625 signum
551 2595 638 2618 Gaur.
674 2603 720 2618 om.

222 2627 266 2648 tui
284 2625 307 2649 G
316 2633 373 2649 aur.
410 2630 436 2652 >
447 2631 484 2650 est
496 2627 582 2651 oculus
594 2631 650 2651 tuus
664 2628 720 2659 (om.

223 2661 278 2681 tuus
291 2658 315 2681 G
326 2660 396 2688 aur.)
409 2659 487 2690 ZPGQ
499 2667 555 2684 aur.

802 243 1065 273 SECUNDUM
1084 243 1256 272 LUCAM.

943 327 960 350 J
973 326 1112 357 (capitula).

778 702 904 730 XXXV.
944 702 989 730 De
1029 699 1195 738 legisperito
1232 700 1281 737 qui

819 751 975 786 quaerebat
985 749 1076 777 uitam
1089 753 1238 776 aeternam
1253 752 1281 775 et

820 797 855 825 de
885 797 1003 825 homine
1033 796 1082 833 qui
1118 794 1216 823 incidit
1250 795 1280 822 in

822 844 958 872 latrones.

780 890 921 918 XXXVI.
951 890 1010 918 Ubi
1041 889 1177 918 dominus
1202 889 1281 916 uenit

820 938 850 965 in
873 938 996 966 domum
1022 936 1132 964 mariae
1155 940 1184 964 et
1206 945 1279 963 mar-

820 984 895 1012 thae.

779 1223 935 1251 XXXVII.
952 1222 1010 1251 Ubi
1023 1223 1110 1252 docet
1121 1222 1279 1260 discipulos

820 1279 889 1298 suos
909 1279 992 1298 orare
1014 1275 1042 1298 et
1064 1270 1113 1298 ubi
1139 1270 1278 1307 inpensus

819 1326 936 1346 oremus
966 1317 1034 1345 dicit
1064 1323 1093 1345 et
1125 1318 1160 1346 de
1189 1317 1279 1346 tribus

819 1365 942 1402 panibus
957 1365 1135 1401 parabolam.

778 1639 952 1667 XXXVIII.
981 1639 1041 1667 Ubi
1066 1644 1182 1667 mutum
1212 1639 1278 1667 dae-

819 1687 951 1715 monium
964 1686 1029 1714 eicit
1040 1690 1068 1714 et
1081 1686 1150 1714 dicit
1163 1686 1199 1714 de
1212 1686 1278 1714 forti

819 1739 930 1761 armato
952 1738 980 1761 et
1001 1733 1150 1761 inmundis
1175 1733 1277 1770 spiriti-

819 1781 873 1808 bus
889 1785 1008 1817 septem.

777 2014 966 2042 XXXVIIII.
991 2014 1035 2042 De
1061 2015 1163 2052 regina
1190 2016 1276 2043 austri

818 2067 845 2089 et
858 2062 924 2089 uiris
937 2061 1063 2089 niniuitis
1074 2067 1102 2089 et
1113 2062 1147 2090 de
1160 2062 1277 2090 lucerna

818 2115 845 2137 et
869 2109 954 2137 oculo
975 2109 1054 2145 quod
1075 2109 1192 2137 lucerna
1213 2119 1275 2138 cor-

819 2157 897 2194 poris
914 2156 955 2183 sit.

1770 244 1830 283 289

1394 327 1418 349 K
1427 326 1503 350 Harl.
1519 331 1581 357 2790
1592 327 1673 350 Naue.
1688 327 1774 350 Bamb.

1334 696 1461 724 XXXII.
1491 696 1663 726 Parabolam
1693 696 1832 725 uulnerati

1375 745 1403 771 in
1419 743 1579 773 latronibus
1594 744 1740 772 incidenti.

1333 884 1477 912 XXXIII.
1501 884 1547 912 De
1568 884 1682 912 martha
1701 889 1729 912 et
1744 884 1833 912 maria

1374 932 1533 960 sororibus.

1333 1227 1495 1256 XXXIIII.
1517 1226 1575 1255 Ubi
1598 1226 1653 1256 dns
1675 1227 1833 1265 discipulos

1373 1275 1535 1303 orationem
1565 1274 1651 1303 docet
1676 1275 1723 1303 uel
1749 1275 1834 1303 trium

1374 1331 1483 1359 panum
1500 1321 1599 1359 figura.

1333 1643 1458 1671 XXXV.
1482 1643 1540 1671 Ubi
1556 1649 1667 1673 mutum
1683 1644 1832 1674 hominem

1373 1700 1390 1718 a
1405 1691 1549 1719 daemone
1565 1691 1689 1720 liberans
1707 1693 1736 1720 in
1755 1693 1831 1721 beel-

1372 1738 1466 1766 zebub
1500 1738 1593 1766 facere
1629 1739 1722 1767 iudaei
1755 1739 1831 1768 blas-

1372 1785 1520 1822 phemant.

1331 1925 1472 1954 XXXVI.
1496 1925 1553 1954 Ubi
1577 1927 1679 1955 mulier
1700 1928 1749 1955 ihu
1771 1929 1825 1956 cla-

1372 1974 1451 2002 mitat
1478 1974 1580 2002 beatus
1605 1980 1705 2003 uenter
1728 1976 1777 2012 qui
1804 1981 1831 2004 te

1370 2020 1497 2057 portauit
1512 2025 1541 2048 et
1557 2021 1593 2049 de
1609 2021 1734 2050 lucerna.

1362 2250 1468 2273 XXXV.
1487 2251 1611 2273 liberans
1621 2256 1638 2273 «Ιμ
1646 2254 1670 2273 et
1683 2251 1760 2274 Harl.

1362 2282 1483 2306 XXXVI.
1502 2283 1595 2306 ihesum
1604 2283 1677 2314 plene
1689 2284 1769 2306 Nanc.
