2209 3147
404 276 468 315 654
1040 274 1150 303 EPJL
1157 274 1213 304 OG
1221 273 1282 303 σε.

451 369 509 412 (iii)
551 380 593 401 ex
631 370 832 400 correctione
870 374 992 404 textus,
1031 378 1130 408 quern
1170 367 1271 398 critici
1311 371 1440 404 uocant,
1482 367 1564 404 Itali,
1602 367 1657 407 qui
1697 370 1732 397 ut
1770 366 1915 397 diximus

409 423 619 462 Hieronymo
659 432 719 462 pro
760 421 975 452 fundamento
1014 426 1073 451 est.
1144 420 1208 450 Hic
1247 425 1372 457 textu5‚
1410 420 1465 459 qui
1506 419 1680 460 praecipue
1719 419 1750 449 in
1789 419 1859 449 cod.
1890 419 1922 458 f

406 480 626 510 conseruatur‚
654 484 719 504 non
747 473 852 504 solum
881 473 1185 513 interpretationem
1215 477 1359 502 ueterem
1387 471 1464 502 stilo
1492 471 1684 511 elegantiori
1708 471 1915 506 emendabat,

406 527 463 557 sed
488 527 588 557 etiam
614 526 770 557 lectiones
793 536 896 557 nouas
924 525 1070 566 protulit.
1118 525 1246 555 Notatu
1271 529 1358 554 certe
1382 524 1518 563 dignum
1544 528 1594 554 est
1619 523 1649 553 in
1675 523 1737 553 ista
1761 523 1915 553 emenda-

405 579 495 609 tione
535 578 619 608 Itala
658 578 800 609 eminere
838 578 994 609 lectiones
1032 587 1117 617 quae
1158 577 1189 606 in
1229 575 1344 606 maiori
1388 580 1482 615 parte
1522 575 1671 607 codicum
1714 574 1914 606 Graecorum

405 634 575 670 apparent,
599 640 681 669 quas
705 630 885 661 recensioni
911 630 1017 669 Syrae
1040 629 1092 659 uel
1109 628 1340 658 Antiochenae
1361 627 1552 658 adiudicant
1569 626 1736 658 Westcott
1760 631 1792 657 et
1817 627 1915 658 Hort.

408 682 480 712 Has
511 681 667 713 lectiones
702 692 824 723 magna
855 692 898 712 ex
931 687 1022 721 parte
1054 680 1205 721 quamuis
1240 690 1304 710 non
1336 679 1457 719 ubique
1487 679 1586 709 abicit
1622 679 1848 718 Hieronymus
1881 683 1916 709 ut

405 734 563 765 lectiones
587 735 738 764 codicum
765 734 853 765 &BL
877 738 909 765 et
932 734 1071 764 subinde
1098 733 1128 763 D
1154 737 1309 772 sequatur
1332 731 1422 772 [uide
1446 731 1595 762 tabulam
1611 731 1670 767 VI,
1691 731 1830 762 classem
1849 728 1885 772 i].

449 787 578 817 Notatu
602 786 701 817 etiam
725 786 861 826 dignum
886 791 935 816 est
959 790 1128 815 auctorem
1154 788 1304 814 nostrum
1329 794 1413 823 opus
1438 794 1503 814 non
1527 784 1643 814 eadem
1671 788 1780 814 mente
1807 792 1914 822 neque

405 838 502 878 plene
540 838 720 879 perfecisse.
784 838 957 869 Lectiones
997 837 1083 868 enim
1122 836 1224 867 Italas
1258 835 1444 866 huiusmodi
1480 835 1511 865 in
1548 835 1700 866 Mattheo
1735 840 1768 866 et
1803 835 1915 865 Marco

405 895 535 920 tantum
561 894 593 920 et
619 890 651 920 in
683 890 790 930 prima
819 895 912 929 parte
940 889 1050 919 Lucae
1077 889 1221 929 corrigit.
1279 888 1315 918 In
1344 887 1517 927 posteriori
1544 891 1656 917 autem
1684 892 1777 927 parte
1805 886 1915 917 Lucae

406 947 439 973 et
468 943 500 972 in
528 942 641 983 primis
669 942 820 983 capitulis
850 941 1004 972 Iohannis
1032 941 1107 972 stilo
1135 940 1331 980 temperauit
1363 945 1395 970 et
1428 939 1550 969 codicis
1580 938 1728 969 Brixiani
1755 938 1915 969 lectiones

406 995 541 1034 propius
568 1000 699 1025 secutus
726 999 784 1025 est.
833 994 870 1024 In
896 994 1069 1034 posteriori
1097 997 1188 1033 parte
1216 992 1373 1023 Iohannis
1397 992 1490 1032 quasi
1520 991 1647 1022 medius
1674 991 1797 1021 incedit
1822 988 1914 1033 [uide

406 1046 555 1077 tabulam
572 1047 631 1085 VI,
647 1046 768 1077 classes
787 1046 807 1076 ii
825 1052 857 1077 et
879 1043 937 1088 iii].
