2209 3147
347 244 408 282 496

511 328 694 351 AHVYHarl.
712 332 781 357 2797.

388 375 485 403 mitate
521 383 573 402 sua
605 374 727 401 dicendo
759 382 844 410 surge
877 373 945 402 tolle

387 422 552 458 grabattum
588 426 669 448 tuum
706 425 734 448 et
767 420 885 448 ambula
917 420 945 447 in

387 470 507 497 sabbato
534 472 613 496 curat
637 467 786 505 aequalem
811 477 841 496 se
867 467 945 505 quod

387 522 445 544 erat
461 516 569 544 faciens
585 515 650 543 deo.

347 564 398 591 XI.
422 563 510 598 Quod
530 563 602 590 filius
618 563 690 590 sicut
708 567 787 598 pater
807 562 946 590 suscitans

388 615 517 638 mortuos
534 610 567 637 sit
582 609 738 646 aequaliter
756 608 946 637 honorandus

388 658 416 685 in
449 666 507 694 quo
543 656 692 684 credentes
727 660 874 683 transeant
910 655 946 683 de

388 709 479 732 morte
492 703 527 731 ad
538 703 626 730 uitam
664 707 816 730 uenturam
829 711 946 739 quoque

388 750 552 788 pronuntiat
574 750 677 777 horam
700 758 759 786 quo
783 749 818 777 de
841 757 945 776 monu-

387 797 492 826 mentis
507 797 576 825 boni
593 796 719 833 malique
735 801 894 832 resurgant.

348 845 416 872 XII.
439 844 496 872 Pro
523 843 688 872 testimonio
713 852 766 871 suo
791 842 947 870 iohannem

387 892 534 919 lucernam
550 890 675 927 appellat
748 894 859 926 patrem
875 898 948 926 quo-

387 947 443 975 que
453 942 479 965 et
492 938 647 974 scripturas
660 936 695 964 de
707 946 737 964 se
749 936 948 964 testimonium

388 985 537 1023 perhibere
549 984 669 1012 iudaeos
679 984 767 1011 alium
781 987 947 1021 recepturos

387 1032 423 1060 de
439 1041 469 1060 se
485 1037 582 1060 autern
602 1040 704 1059 mosen
726 1031 871 1068 scripsisse
891 1035 947 1058 tes-

388 1085 470 1107 tatur.

346 1126 430 1155 XIII.
461 1126 678 1163 propinquante
708 1124 817 1162 pascha
851 1124 947 1153 iudae-

387 1182 469 1201 orum
484 1173 519 1200 de
534 1172 661 1210 quinque
682 1172 807 1208 panibus
827 1176 853 1199 et
874 1171 946 1200 duo-

386 1221 440 1248 bus
462 1220 588 1257 piscibus
610 1219 737 1256 quinque
758 1218 835 1246 milia
855 1218 946 1246 homi-

387 1276 458 1295 num
474 1267 610 1294 saturauit
626 1276 679 1303 pro
700 1275 758 1303 quo
781 1266 865 1302 signo
880 1274 946 1293 cum

387 1323 485 1351 regem
501 1323 567 1341 eum
587 1313 692 1341 uellent
716 1313 807 1340 facere
828 1312 899 1349 sugit
919 1317 947 1339 et

388 1361 539 1390 ambulans
562 1370 648 1397 supra
674 1369 751 1387 mare
773 1360 947 1396 pauentibus

388 1408 535 1445 discipulis
549 1407 586 1435 ait
596 1416 652 1444 ego
666 1416 729 1435 sum
741 1406 828 1435 nolite
838 1407 945 1435 timere.

347 1455 446 1483 XIIII.
469 1455 495 1482 A
510 1454 599 1482 turbis
616 1454 761 1491 quaesitus
773 1458 799 1481 et
813 1454 948 1480 inuentus

388 1503 426 1530 ait
442 1501 600 1539 operamini
616 1501 712 1529 cibum
730 1501 778 1537 qui
796 1510 857 1528 non
877 1500 948 1537 perit

387 1554 414 1576 et
439 1557 545 1585 panem
571 1548 606 1575 de
633 1547 718 1575 caelis
748 1556 849 1575 uerum
880 1547 947 1575 dicit

390 1596 458 1623 dare
473 1595 563 1623 uitam
579 1594 698 1622 mundo.

349 1642 413 1670 XV.
438 1642 547 1670 Panem
562 1642 636 1670 uitae
652 1651 681 1669 se
698 1641 764 1670 dicit
779 1646 806 1669 et
827 1641 946 1669 ereden-

388 1695 430 1718 tes
445 1690 474 1717 in
495 1698 526 1717 se
547 1689 780 1717 resuscitaturum
801 1689 829 1716 in
851 1689 947 1716 nouis-

389 1738 462 1765 simo
479 1737 532 1765 die.

348 1784 429 1811 XVI.
445 1783 664 1812 Murmurantes
677 1783 847 1820 iosepheum
858 1782 945 1810 filium

389 1831 488 1859 dicunt
504 1835 532 1858 at
548 1831 608 1867 ipse
630 1830 702 1858 inter
723 1830 812 1858 multa
830 1839 946 1858 carnem

388 1887 471 1906 suam
494 1886 599 1914 panem
626 1886 656 1904 se
680 1877 813 1904 daturum
835 1877 872 1904 ait
894 1885 946 1913 pro

388 1924 488 1952 mundi
500 1924 558 1952 uita
571 1929 598 1952 et
608 1928 701 1952 cetera
713 1923 814 1951 similia
826 1923 947 1960 plurima

388 1971 424 1999 de
440 1980 515 2008 pane
530 1976 557 1998 et
573 1980 659 1998 carne
675 1979 727 1998 sua
742 1975 869 1998 testatur.

348 2018 445 2046 XVII.
468 2017 566 2045 Uerba
583 2026 634 2045 sua
649 2017 779 2054 spiritum
801 2017 946 2054 uitamque

388 2065 553 2102 pronuntiat
575 2069 602 2092 et
621 2073 712 2091 unum
734 2073 769 2092 ex
794 2063 946 2092 duodecim

389 2112 537 2140 diabolum
552 2111 685 2148 appellat.

346 2157 461 2187 XVIII.
486 2158 599 2186 Iudaeis
611 2158 767 2186 interficere
780 2167 846 2186 eum
859 2167 947 2195 quae·

388 2206 515 2233 rentibus
537 2205 666 2233 ascendit
686 2205 797 2233 occulte
817 2205 853 2232 ad
870 2205 947 2233 diem

823 242 1050 271 CAPITULA
1078 242 1137 270 IN
1156 242 1475 271 EUANG'ELIUM

1071 327 1178 351 OECQIJ
1184 326 1370 358 (breuesJOTx.

1079 375 1218 408 triginta
1233 376 1268 402 et
1279 375 1379 402 hocto
1390 382 1447 402 an-

1080 430 1201 449 norum
1253 420 1447 448 infirmitatem

1081 467 1207 496 hominis
1222 472 1313 495 sanat.

1042 843 1107 872 Hac
1161 844 1228 872 dicit
1282 844 1447 872 scrutamini

1082 891 1242 929 scripturas.

1041 938 1079 966 Et
1093 938 1116 966 si
1131 937 1283 967 crederetis
1296 937 1373 965 Mosi
1387 947 1448 965 cre-

1082 985 1186 1014 deretis
1198 985 1317 1013 forsitan
1329 989 1355 1013 et
1370 983 1446 1011 mihi.

1001 1126 1051 1154 VI.
1074 1129 1123 1154 De
1138 1127 1288 1160 quinque
1303 1127 1448 1160 panibus

1081 1176 1115 1201 et
1129 1175 1262 1201 duobus
1277 1174 1438 1207 piscibus,

1046 1267 1078 1295 Et
1121 1267 1199 1304 quod
1241 1276 1307 1295 eum
1352 1275 1448 1303 regem

1081 1314 1174 1343 facere
1196 1314 1358 1342 uoluerunt.

1042 1362 1090 1390 Ihs
1106 1371 1191 1399 supra
1206 1371 1284 1389 mare
1301 1361 1436 1389 ambulat.

1043 1462 1079 1490 Et
1107 1462 1142 1490 de
1172 1471 1279 1490 manna
1313 1467 1339 1490 et
1374 1471 1449 1499 pane

1083 1509 1153 1537 caeli
1169 1510 1301 1546 loquitur.

1042 2017 1068 2043 A
1084 2016 1266 2044 credentibus
1284 2016 1321 2043 ab
1341 2023 1376 2042 eo
1392 2014 1449 2043 dis-

1083 2063 1184 2100 cipulis
1199 2063 1310 2090 hunum
1327 2072 1362 2089 cx
1378 2062 1450 2090 duo-

1083 2110 1176 2138 decim
1193 2110 1340 2137 diabulum
1357 2109 1431 2137 dicit.

1001 2159 1078 2185 VII.
1102 2158 1363 2191 schenophegia.

1044 2204 1092 2232 Iris
1132 2204 1228 2231 medio
1272 2204 1334 2231 (liae
1378 2203 1449 2231 festo
1473 2230 1481 2238 ,

1504 327 1640 352 Uat.Alex.
1650 327 1692 357 14(
1700 338 1719 345 =
1731 327 1872 358 Thom.1.p.
1881 330 1948 357 3443..

1540 378 1620 402 motu
1635 378 1663 401 et
1679 373 1794 401 infirmo
1806 382 1948 401 annorum

1541 421 1655 457 triginta
1670 425 1737 448 octo
1756 420 1806 457 qui
1826 420 1948 457 grabba-

1541 474 1602 495 tum
1618 476 1702 495 suum
1721 467 1791 495 tulit.

1500 514 1536 542 Et
1555 514 1590 542 de
1610 514 1718 542 iudicio
1734 513 1789 541 Dei
1809 518 1836 541 et
1856 522 1948 542 resur-

1542 562 1668 590 rectione
1684 566 1873 589 mortuorum.

1501 937 1714 965 Testimonium
1749 937 1815 965 Iesu
1845 935 1951 964 Christi

1542 993 1609 1012 cum
1628 984 1827 1021 increpatione
1847 983 1951 1012 Iudae-

1542 1040 1634 1060 orum.

1501 1125 1553 1153 VI.
1576 1124 1621 1152 De
1636 1125 1764 1162 quinque
1780 1124 1904 1161 panibus
1923 1129 1951 1152 et

1542 1172 1656 1200 duobus
1672 1171 1807 1209 piscibus.

1501 1266 1539 1294 Et
1554 1265 1633 1303 quod
1654 1274 1721 1293 eum
1740 1274 1838 1303 regem
1858 1264 1952 1293 facere

1542 1313 1703 1341 uoluerunt.

1502 1360 1569 1388 VII.
1594 1360 1674 1388 Iesus
1689 1369 1776 1397 supra
1795 1368 1875 1387 mare
1891 1368 1952 1387 am-

1543 1407 1629 1436 bulat.

1502 1455 1538 1482 Et
1558 1455 1593 1482 de
1613 1463 1722 1482 manna
1743 1459 1771 1481 et
1791 1462 1866 1491 pane
1886 1462 1952 1481 cae-

1544 1501 1606 1529 lesti
1652 1506 1679 1529 et
1725 1501 1760 1528 de
1805 1500 1951 1528 oblatione

1544 1548 1677 1584 loquitur.

1503 2014 1546 2041 Ac
1562 2012 1763 2041 recedentibus
1784 2012 1821 2039 ab
1841 2020 1876 2040 eo
1895 2011 1952 2039 dis-

1544 2060 1646 2097 cipulis
1680 2068 1771 2087 unum
1805 2058 1951 2087 diabolum

1543 2117 1579 2135 ex
1596 2107 1749 2135 duodecim
1766 2106 1840 2134 dicit.

1504 2202 1584 2230 Iesus
1600 2200 1729 2229 ascendit
1745 2200 1891 2227 mediante
1906 2199 1951 2227 die

379 2274 410 2296 X.
429 2273 557 2304 grabatum
568 2273 593 2295 H
605 2273 681 2296 Harl.
696 2273 778 2296 Tlmm.
805 2273 891 2296 sabato
902 2272 946 2295 W.

378 2307 423 2329 XI.
443 2308 491 2329 sit:
510 2306 544 2329 sic
559 2306 592 2329 H.
627 2314 682 2333 quo
694 2314 748 2328 sea:
769 2313 816 2336 qua
831 2306 855 2328 H
869 2305 945 2328 Harl.

350 2339 434 2362 Thoan.
450 2339 508 2369 (nan
522 2339 589 2367 AV).
625 2342 751 2369 resurgunt
765 2338 794 2361 V.

378 2372 438 2395 XII.
458 2371 591 2395 scribturas
599 2371 628 2394 Y.
648 2379 749 2401 moysen
761 2371 837 2394 Harl.
853 2370 946 2400 Thena,

346 2412 443 2434 moyses
459 2404 491 2426 H.
527 2404 650 2427 scribsisse
663 2404 693 2426 V.

379 2437 465 2460 XIIII.
485 2436 554 2460 caelo
569 2436 601 2459 H.

379 2469 434 2492 XV.
454 2470 502 2492 nite
516 2469 549 2492 ΙΙ.

379 2502 449 2524 XVI.
468 2506 561 2525 caetera
593 2502 675 2524 Thoan.

345 2534 424 2558 carnis
436 2542 492 2557 suae
507 2534 540 2556 H.

379 2567 463 2590 XVII.
483 2567 627 2597 pronunciat
643 2566 674 2589 H.

378 2599 475 2622 XVIII.
496 2599 606 2622 occultae
621 2599 653 2622 H.

722 2509 768 2524 om.
793 2504 821 2524 et
844 2509 885 2524 sec.
910 2501 945 2524 H.

711 2566 838 2589 diabuluui
852 2567 882 2589 Y.

1034 2273 1065 2295 V.
1083 2274 1214 2299 triginta:
1241 2271 1327 2302 uiginti
1349 2271 1383 2294 Γῇ.
1423 2275 1450 2294 et

973 2313 975 2332 ;
995 2309 1037 2336 pr.
1050 2313 1095 2328 om.
1110 2305 1156 2328 ΘΟ
1174 2305 1257 2327 leam.
1293 2312 1322 2328 ac
1340 2304 1398 2327 cidit
1413 2303 1450 2325 O*

1002 2338 1072 2363 (corr.
1086 2345 1114 2361 ac
1126 2337 1206 2365 dicit‘).
1241 2344 1324 2360 mosen
1338 2337 1373 2360 O*
1385 2345 1389 2365 ;
1402 2345 1447 2360 om.

1000 2371 1030 2393 X.
1059 2378 1104 2393 om.
1115 2371 1266 2393 crederetis
1278 2378 1321 2393 sec.
1335 2369 1366 2392 X.

1033 2403 1076 2425 VI.
1095 2411 1167 2433 super
1178 2403 1215 2426 HT.
1244 2410 1291 2425 om.
1304 2410 1407 2425 manna
1420 2405 1448 2425 etz

999 2436 1025 2459 J.
1060 2435 1158 2459 caelesti
1181 2435 1234 2458 rell.
1271 2443 1286 2458 a
1309 2437 1447 2458 eredenti-

1000 2470 1064 2491 bus:
1084 2477 1111 2491 ac
1122 2470 1130 2491 ι’
1141 2476 1154 2489 4
1165 2468 1225 2492 dicit
1237 2467 1266 2495 J)
1282 2467 1447 2491 recedentibus

1000 2501 1111 2524 {FLJOX
1125 2501 1207 2524 Tham.
1235 2502 1303 2524 dicit
1315 2509 1319 2523 :
1332 2500 1365 2523 al.
1376 2504 1446 2523 uocat
1474 2522 1476 2535 s

998 2538 1020 2557 cl
1033 2534 1156 2565 praedicat
1175 2533 1256 2557 Tllom.

1033 2567 1090 2589 VII.
1108 2567 1155 2589 diei
1170 2565 1234 2589 1*x.
