2209 3147
345 242 407 290 ⁹:⁸6

508 326 695 350 Aanm-l.
710 330 781 356 ²797-

345 372 520 401 XXXVIII.
543 372 704 401 Cuiusdam
727 371 815 399 fiiiam
840 379 858 398 a
878 371 945 399 dae-

387 420 487 448 monio
512 420 661 456 increpata
682 418 878 455 generationis
902 418 945 445 in-

387 467 555 495 credulitate
571 466 691 494 curauit.

347 514 488 542 XXXIX.
512 514 619 541 Iterum
646 513 714 541 dicit
738 521 768 541 se
793 521 946 549 passurum
972 500 974 526 Ϊ

388 562 449 590 fore
478 567 506 589 et
535 561 571 588 de
600 561 726 598 primatu
755 560 947 596 cogitationes

387 618 490 636 eorum
525 613 630 636 statuto
666 608 696 635 in
728 607 825 635 medio
857 615 948 644 puero

387 660 490 683 uetans
512 654 701 683 humilitatem
724 654 810 682 docet
835 659 863 682 et
888 662 948 681 non

387 702 535 739 prohiberi
550 702 671 730 uirtutes
685 702 715 729 in
727 701 816 738 ipsius
828 701 948 729 nomine

388 749 551 778 facientem.

348 796 410 824 XL.
433 796 537 833 Ignem
558 796 593 824 de
615 795 696 824 caelo
716 805 802 833 super
817 800 949 824 contem-

389 850 467 872 tores
496 848 593 880 petere
622 843 755 871 uolentes
792 842 948 879 discipulos
974 865 976 875 ,

388 891 516 927 increpat
532 896 560 918 et
573 890 680 918 dicenti
691 899 796 927 sequar
808 895 835 917 te
847 889 948 926 uulpes

389 938 488 966 foueas
511 937 616 965 habere
638 942 757 965 testatur
780 937 883 965 iubens
906 945 949 964 se-

389 985 488 1022 quenti
517 985 657 1012 dimittere
686 989 820 1012 mortuos
850 990 877 1011 et
907 991 949 1012 te-

387 1036 507 1060 nentem
543 1037 669 1060 aratrum
709 1040 768 1059 non
808 1031 948 1067 respicere
976 1050 977 1057 κ

389 1085 474 1106 ΓΕῘΓΟ.

350 1450 428 1478 XLI.
451 1450 617 1488 Designatis
634 1456 662 1478 et
684 1450 746 1478 aliis
766 1450 815 1478 lxx
834 1450 950 1478 duobus

390 1498 439 1526 dat
449 1503 604 1535 praecepta
614 1498 719 1535 quibus
732 1497 856 1525 debeant
867 1507 950 1535 prae-

391 1545 486 1573 dicare
515 1554 584 1574 mox
622 1545 785 1573 incredulas
820 1545 949 1582 increpat

391 1593 521 1621 ciuitates
536 1592 586 1620 lxx
603 1591 717 1620 duobus
730 1593 852 1620 reuersis
864 1598 950 1629 atque

390 1640 584 1677 gaudentibus
604 1639 740 1676 praecipit
756 1648 816 1667 non
833 1639 868 1667 de
884 1640 950 1667 sub-

390 1687 514 1715 iectione
527 1687 705 1716 daemonum
716 1686 768 1714 sed
780 1686 816 1714 de
831 1695 950 1715 suorum

391 1734 420 1762 in
436 1734 517 1763 caelo
537 1734 689 1762 nominum
709 1734 861 1771 scriptione
880 1743 950 1770 gau-

391 1781 467 1810 dere.

1179 323 1258 355 css).

1041 369 1167 398 Puerum
1178 370 1337 398 lunaticum
1346 370 1447 397 liberat

1080 417 1134 445 hac
1145 426 1175 445 se
1185 417 1257 445 tradi
1268 417 1372 444 debere
1381 425 1447 453 pro-

1082 464 1193 491 nuntiat
1227 469 1254 492 et
1285 464 1447 500 cogitantes

1081 511 1237 548 discipulos
1259 511 1323 548 quis
1346 519 1448 538 eorum

1081 558 1174 586 maior
1188 563 1263 586 esset
1278 557 1400 585 instruit.

1041 605 1108 633 Hac
1121 614 1181 633 non
1192 605 1385 642 proibendum
1400 604 1449 641 qui

1083 653 1113 680 in
1124 653 1242 681 nomine
1253 661 1306 680 suo
1317 652 1449 679 uirtutem

1083 699 1158 728 facit.

1043 795 1070 822 A
1093 793 1274 822 samaritanis
1297 802 1357 821 non
1379 791 1449 820 reci-

1082 841 1167 878 pitur.

1041 890 1080 918 Et
1122 890 1255 918 uolentes
1302 888 1451 926 apostolos

1083 939 1182 975 ignem
1209 946 1296 974 super
1322 945 1373 964 eos
1402 936 1451 964 de-

1084 985 1223 1013 scendere
1239 986 1376 1020 increpat.

1045 1032 1132 1069 Sequi
1150 1032 1260 1060 uolenti
1279 1041 1308 1059 se
1330 1040 1389 1058 non
1408 1039 1451 1058 re-

1084 1081 1196 1117 cipitur.

1043 1127 1176 1155 Alterum
1199 1132 1297 1154 tamen
1318 1127 1379 1163 ipse
1405 1135 1451 1153 ae-

1084 1175 1153 1202 tiam
1166 1174 1253 1211 patris
1263 1178 1356 1201 morte
1366 1173 1451 1200 inter-

1084 1222 1173 1250 missa
1195 1221 1383 1258 adsequenda
1403 1220 1451 1247 he-

1084 1269 1154 1306 ligit.

1043 1316 1081 1344 Et
1103 1316 1160 1344 alio
1182 1315 1291 1343 uolenti
1315 1315 1373 1342 suis
1396 1315 1452 1351 pri-

1086 1372 1167 1391 mum
1182 1363 1314 1390 nuntiare
1329 1362 1452 1398 figuram

1084 1411 1164 1448 ponit
1178 1415 1205 1438 et
1217 1409 1451 1446 retrospicientiS.

1002 1460 1045 1488 X.
1077 1459 1216 1491 Helegit
1238 1458 1453 1492 septuaginta

1084 1507 1169 1533 duos
1185 1513 1269 1538 quos
1286 1505 1394 1532 mittit
1409 1505 1453 1532 ad

1083 1553 1339 1586 predicandum.

1043 1599 1110 1637 Ipse
1137 1607 1205 1627 uero
1229 1599 1360 1635 increpat
1384 1597 1452 1625 ciui·
1477 1606 1479 1627 ζ

1084 1652 1165 1675 tates.

1043 1693 1081 1722 Et
1095 1702 1227 1721 reuersos
1243 1692 1400 1729 discipulos
1416 1701 1451 1719 ex

1086 1750 1121 1768 eo
1137 1740 1203 1768 dicit
1218 1739 1360 1768 feliciores
1372 1738 1452 1776 quod

1085 1796 1187 1815 eorum
1210 1789 1299 1814 nmna
1322 1786 1351 1813 in
1371 1785 1453 1814 caelo

1086 1838 1201 1863 aessent
1216 1833 1329 1870 scripta.

824 241 876 270 CA
883 240 1051 268 PJTULA
1078 240 1136 269 IN
1155 238 1473 268 EUANGELJUM

1501 322 1563 346 Bo]
1567 322 1662 351 (breues
1667 322 1724 349 >OX
1730 322 1789 345 Par.
1797 323 1854 346 Lat.
1863 323 1950 352 10458.

1502 614 1536 633 ac
1562 614 1623 633 non
1648 614 1713 633 esse
1738 603 1952 641 prohibendum

1544 653 1593 688 qui
1615 652 1645 679 in
1668 652 1787 680 nomine
1813 652 1873 680 eius
1895 652 1952 679 uir-

1545 704 1635 727 tutem
1650 699 1716 727 facit

1504 802 1520 820 a
1536 793 1718 821 samaritanis
1733 802 1793 821 non
1808 792 1943 830 recipitur

1505 1033 1587 1070 sequi
1607 1041 1638 1061 se
1660 1032 1770 1061 uolenti
1793 1032 1953 1060 similitudi-

1545 1089 1614 1108 nem

1505 1128 1625 1156 aratoris
1661 1132 1737 1155 retro
1775 1127 1954 1164 respicientis

1546 1175 1712 1211 interponit.

1505 1459 1541 1488 X.
1565 1459 1755 1496 Septuaginta
1773 1458 1859 1495 elegit
1880 1466 1956 1495 quos

1546 1507 1631 1534 mittit
1647 1506 1684 1533 ad
1698 1505 1926 1542 praedicandum

1046 1881 1118 1910 Hob
1142 1890 1231 1919 quarn
1257 1891 1317 1909 rern
1347 1880 1453 1917 gratias
1479 1888 1481 1921 Ξ

1086 1929 1145 1965 agit
1171 1928 1244 1965 patri
1269 1928 1349 1965 quod
1375 1928 1454 1955 bona
1479 1939 1480 1942 ¹

1088 1977 1144 2004 sint
1159 1975 1284 2013 paruulis
1299 1975 1434 2003 reuelata.

385 2049 536 2072 XXXVIII.
555 2048 706 2079 increpatam
719 2048 796 2071 Harl.

384 2081 507 2105 XXXIX.
520 2081 628 2112 primato
638 2081 696 2104 ΗΥ,
715 2081 845 2111 prohibere
851 2081 952 2104 VHarl.

385 2115 439 2137 XL.
458 2116 574 2137 iubens:
596 2114 682 2137 iunens
701 2113 774 2140 HY*‚
792 2114 886 2137 iuuenis
904 2114 952 2142 Y⁰;

351 2147 434 2171 iuueni
447 2147 470 2170 V
479 2147 556 2170 Harl,

386 2180 454 2203 XLI.
474 2179 598 2211 praecepit
612 2179 638 2202 H
649 2179 726 2202 Harl.

1037 2051 1125 2074 VIIII.
1147 2052 1250 2074 debere
1270 2051 1452 2078 pronuntiat:

1005 2084 1095 2107 habere
1107 2083 1251 2115 pronuntiat
1259 2083 1331 2106 Alex.
1340 2089 1383 2109 10;
1396 2089 1453 2113 pro-

1004 2117 1101 2140 nuntiat
1112 2120 1212 2139 tentum
1225 2116 1296 2139 Alex.
1310 2122 1346 2145 14.
1381 2115 1454 2138 faeiat

1010 2150 1034 2173 T
1031 2149 1094 2172 lzom.
1133 2157 1191 2172 non
1219 2150 1355 2176 recipitur
1369 2156 1374 2171 z
1404 2155 1453 2171 non

1005 2182 1095 2205 habere
1112 2182 1155 2205 ubi
1173 2184 1248 2212 caput
1266 2181 1367 2204 reclinet
1384 2188 1453 2212 prae-

1006 2215 1067 2238 dicit
1080 2214 1164 2238 leom.
1199 2214 1231 2237 ad
1243 2214 1392 2245 sequendum
1405 2213 1454 2237 ele-

1005 2248 1041 2278 git
1052 2248 1094 2277 (al.
1103 2247 1183 2278 eligit)
1198 2247 1282 2270 lem.
1306 2248 1437 2270 nuntiare
1449 2254 1453 2269 :

1005 2280 1143 2303 renuntiare
1153 2280 1177 2303 T
1174 2280 1238 2302 hom.
1260 2279 1375 2310 proponit
1381 2279 1453 2302 Alex.

1008 2319 1045 2342 14.
1080 2317 1143 2336 retro
1167 2312 1319 2343 respicientis
1338 2313 1394 2341 (om.
1414 2313 1454 2340 et)

1011 2346 1035 2369 T
1031 2345 1094 2368 hom.

1039 2378 1070 2401 X.
1095 2378 1164 2408 eligit
1199 2377 1283 2400 Tlmm.
1318 2385 1363 2401 om.
1392 2378 1456 2400 feli-

1005 2412 1095 2435 ciores
1113 2411 1167 2434 (sal.
1183 2417 1253 2440 4221.

1478 2018 1481 2073 i
1541 2046 1627 2069 VIIII.
1640 2048 1689 2074 qui
1700 2048 1746 2069 in:
1759 2046 1818 2077 quin
1828 2046 1860 2069 X.
1889 2047 1958 2069 facit

1514 2087 1531 2103 ψ
1540 2079 1599 2102 dicit
1618 2079 1705 2102 ΒΘΣΙΟ
1722 2079 1807 2102 Thom.
1845 2082 1872 2105 >
1882 2079 1957 2109 respi-

1507 2112 1593 2136 cientis
1607 2116 1670 2135 retro
1684 2112 1710 2134 B.

1478 2125 1481 2181 ⁴
1540 2145 1571 2168 X.
1590 2144 1757 2172 sept.÷duos
1775 2144 1796 2167 B
1812 2144 1897 2168 Thom.
1928 2143 1957 2175 {f—

1480 2185 1481 2201 i
1502 2182 1529 2208 p.
1539 2177 1584 2233 3336
1594 2177 1676 2233 ag-X'
1690 2184 1710 2200 1.
1723 2177 1804 2232 feligit
1815 2177 1842 2200 Β.
1862 2178 1956 2233 ριὲαθᾲ.

1507 2216 1607 2267 nzumiiie
1631 2217 1721 2266 neoiusre
1728 2214 1886 2266 ggggltonglo
1892 2216 1956 2266 sublit}

1508 2279 1620 2299 cerentur
1636 2276 1720 2306 10438.
