2209 3147
400 284 462 312 660
1035 283 1276 312 EPJLOGUS.

444 377 646 408 Obseruabit
678 377 747 407 sine
778 377 880 407 dubio
914 376 1017 407 lector
1048 376 1107 406 hos
1139 381 1300 407 tractatus
1332 376 1415 407 sicut
1446 383 1478 408 et
1511 379 1762 409 commentarios
1793 389 1908 410 omnes

400 434 475 469 post
507 430 688 460 discessum
721 429 831 459 Roma
859 429 997 468 scriptos
1025 427 1128 458 fuisse.
1189 428 1256 459 Sed
1286 429 1446 459 rationem
1476 431 1536 460 uiri
1566 431 1667 461 nostri
1696 431 1726 461 in
1755 431 1906 462 codicum

401 481 595 513 lectionibus
618 481 799 512 tractandis
823 481 902 511 satis
927 479 1107 516 exhibent;
1137 485 1167 510 et
1191 481 1419 511 demonstrant
1440 492 1515 512 eum
1539 487 1609 512 tum
1632 487 1745 514 textus
1767 483 1907 513 sormam

399 544 473 563 cum
514 531 697 564 Sinaitico1
733 533 847 563 codice
883 532 956 572 plus
992 531 1098 562 snmus
1133 532 1390 563 concordantem
1426 534 1627 573 cognouisse,
1663 539 1734 565 tum
1768 535 1907 565 alteram

399 585 496 616 ualde
519 585 660 616 alienam
685 595 771 625 quae
794 585 888 615 nobis
912 584 992 614 alias
1017 584 1131 623 ignota
1155 584 1205 614 sit.

442 679 650 719 Quaeramus
685 689 762 719 ergo
797 678 875 718 quid
908 688 951 707 ex
984 688 1083 718 opere
1115 678 1186 717 ipso
1218 678 1248 708 in
1284 678 1543 718 Euangeliorum
1577 680 1766 710 recensione
1798 680 1907 715 tacita,

398 731 423 761 si
463 732 508 762 ita
544 731 608 762 dici
650 736 770 771 potest,
809 730 1029 770 colligendum
1068 730 1119 760 sit.
1188 730 1245 760 Ad
1286 731 1369 760 hanc
1409 731 1636 771 quaestionem
1679 732 1906 762 illustrandam

397 783 536 823 plurima
566 788 599 813 et
630 783 723 823 quasi
756 783 926 812 innumera
958 781 1149 821 collegimus
1182 792 1266 821 quae
1298 793 1357 822 pro
1388 783 1603 814 fundamento
1637 789 1752 814 nostro
1788 784 1907 814 iudicio

397 835 579 866 subiacenti
611 835 769 866 candidus
800 834 904 864 lector
930 834 1040 864 animo
1069 843 1128 864 suo
1156 834 1372 873 proposuerit.
1430 834 1553 865 Omnia
1580 835 1668 865 enim
1697 836 1786 875 typis
1814 846 1906 866 man-

397 888 476 917 dare
507 896 785 926 superuacaneum
818 891 874 916 est.
932 885 999 915 Sed
1032 896 1117 925 quae
1144 891 1326 925 sequuntur
1351 887 1543 926 delegimus,
1570 887 1700 917 duobus
1729 887 1906 918 lectionum

397 939 571 978 generibus
604 938 768 978 sepositis,
798 937 905 978 primo
938 937 992 967 ubi
1025 938 1154 968 codices
1186 937 1331 968 Graecos
1362 939 1442 969 satis
1476 939 1599 969 multos
1631 939 1705 969 hinc
1738 939 1788 969 uel
1820 939 1906 969 illinc

397 991 602 1021 discedentes
639 994 796 1029 sequatur
832 989 1068 1028 Hieronymus,
1103 990 1249 1019 secundo
1285 990 1339 1020 ubi
1379 990 1536 1020 lectiones
1575 990 1755 1030 singulares
1789 990 1832 1020 ab
1866 1001 1906 1021 eo

397 1042 613 1082 praehabitam,
646 1052 688 1072 ex
725 1041 849 1071 ratione
883 1040 948 1071 stili
984 1041 1086 1080 ipsius
1118 1045 1149 1071 et
1182 1041 1391 1080 elegantioris
1423 1042 1574 1072 dictionis
1608 1043 1718 1072 studio
1750 1042 1906 1082 explicari

396 1095 534 1134 possint.
587 1094 794 1124 Inuersiones
823 1093 910 1123 enim
940 1093 1123 1129 uerborum,
1152 1098 1185 1123 et
1214 1094 1389 1124 modorum
1419 1099 1452 1125 et
1481 1098 1668 1134 temporum
1698 1095 1906 1131 mutationes,

396 1147 632 1186 frequentiores
670 1150 744 1176 sunt
781 1149 817 1175 ut
857 1155 972 1176 omnes
1011 1145 1161 1176 uarietati
1200 1145 1350 1176 codicum
1392 1145 1593 1177 Graecorum
1630 1146 1729 1176 tribui
1769 1147 1904 1186 possint.

398 1198 505 1238 Saepe
529 1203 639 1229 tamen
668 1198 869 1228 inuersiones
897 1197 979 1228 tales
1008 1203 1040 1228 et
1070 1197 1277 1234 mutationes,
1302 1198 1449 1228 eiusdem
1478 1198 1576 1238 plane
1601 1199 1739 1239 generis,
1764 1199 1905 1230 auctori-

395 1256 498 1281 tatem
524 1260 702 1291 paucorum
731 1250 882 1280 codicum
912 1249 1113 1280 Graecorum
1142 1249 1278 1286 habent,
1303 1255 1338 1280 ut
1365 1249 1568 1290 impossibile
1593 1251 1644 1287 sit,
1669 1260 1741 1281 cum
1767 1251 1809 1282 de
1833 1251 1906 1282 loco

396 1303 514 1343 quouis
546 1313 603 1342 per
629 1312 663 1332 se
692 1302 848 1342 disputes,
875 1302 1037 1332 affirmare
1070 1302 1139 1332 sine
1166 1302 1374 1333 dubitatione
1405 1303 1648 1342 Hieronymum
1677 1313 1736 1343 pro
1765 1303 1906 1334 lectione

396 1365 454 1385 sua
485 1355 714 1385 auctoritatem
751 1353 874 1384 nullam
906 1354 1060 1384 habuisse
1092 1359 1124 1384 et
1159 1355 1305 1384 animum
1340 1355 1509 1394 proprium
1545 1355 1646 1394 sequi.
1708 1354 1905 1395 Colligimus

396 1417 474 1447 ergo
497 1417 571 1437 eum
597 1407 760 1437 interdum
786 1406 1018 1437 auctoritatem
1043 1417 1195 1446 graecam
1219 1407 1312 1437 nobis
1338 1407 1484 1447 ignotam
1510 1417 1569 1448 pro
1594 1407 1643 1438 his
1668 1408 1904 1438 mutationibus

396 1459 557 1495 habuisse,
589 1458 752 1489 interdurn
785 1463 896 1488 autem
929 1469 993 1488 non
1027 1458 1201 1496 habuisse;
1240 1459 1296 1489 sed
1329 1459 1503 1489 discrimen
1539 1459 1624 1489 inter
1655 1460 1720 1489 duo
1757 1459 1903 1490 locorum

395 1521 514 1551 genera
538 1522 557 1542 a
583 1511 702 1541 criticis
726 1510 892 1540 hodiernis
917 1510 972 1539 uix
998 1510 1182 1540 faciendum
1207 1515 1266 1540 est.

439 1672 593 1703 TABULA
619 1672 681 1702 ΙΙΙ.
718 1671 1007 1703 CORRECTIONES
1032 1678 1183 1702 CONTRA
1208 1671 1397 1703 GRAECUM
1424 1679 1468 1702 ET
1495 1679 1663 1703 UETEREs
1689 1673 1862 1704 LATINOS.

442 1757 649 1788 Exhibemus
674 1769 752 1798 ergo
777 1758 938 1798 imprimis
964 1757 1053 1788 locos
1078 1757 1216 1788 selectos
1243 1759 1297 1789 ubi
1325 1758 1551 1798 Hieronymus
1576 1763 1724 1789 ueterum
1750 1759 1904 1790 lectiones

396 1810 542 1840 correxit
581 1815 612 1840 et
652 1820 785 1840 sensum
826 1809 1000 1840 uerborum
1041 1810 1184 1841 mutauit
1221 1810 1278 1840 sed
1313 1811 1382 1840 sinc
1420 1811 1612 1841 auctoritate
1652 1810 1776 1841 Graeca
1817 1812 1906 1842 nobis

395 1862 546 1901 cognz'la,·
584 1862 627 1891 ita
655 1867 691 1892 ut
715 1862 886 1892 credamus
913 1861 1004 1891 illum
1030 1862 1197 1892 codicibus
1224 1862 1348 1902 graecis
1373 1872 1467 1892 usum
1493 1862 1611 1893 diuersi
1636 1863 1763 1902 generis
1790 1863 1831 1894 ab
1859 1864 1905 1894 eis

397 1913 451 1953 qui
490 1914 532 1944 ad
572 1923 630 1943 nos
669 1914 884 1953 peruenerint.
947 1913 1031 1944 Cum
1072 1918 1182 1944 autem
1218 1915 1384 1944 ‘ueterum
1424 1912 1599 1944 lectiones'
1636 1915 1793 1952 dicamus,
1828 1925 1904 1946 uere

398 1970 524 1996 ueteres
549 1964 780 2004 significamus,
805 1971 837 1995 et
863 1965 986 1995 mixtos
1010 1965 1153 2006 sffmg]
1172 1965 1213 1995 ίδ
1238 1966 1433 2005 excipimus.

442 2017 631 2048 Paucissimi
649 2028 691 2048 ex
714 2017 763 2047 his
786 2023 861 2048 sunt
879 2028 920 2048 ex
940 2018 1102 2055 Mattheo‚
1122 2018 1153 2048 in
1171 2028 1236 2057 quo
1254 2028 1296 2048 ex
1322 2018 1402 2048 locis
1424 2018 1487 2048 iam
1512 2018 1632 2049 adlatis
1650 2016 1728 2060 (uno
1751 2025 1904 2059 excepto,

398 2070 490 2099 xxiv.
522 2069 563 2109 36
597 2079 694 2108 mque
716 2068 826 2110 filius)
862 2070 1074 2109 probauimus
1108 2074 1239 2100 textum
1271 2080 1346 2100 cum
1381 2070 1541 2101 Sinaitico
1574 2071 1829 2102 concordantem
1862 2072 1903 2102 ad

399 2132 516 2152 manus
538 2121 692 2151 habuisse
717 2121 970 2161 Hieronymum,
995 2132 1068 2153 cum
1094 2123 1349 2152 commentarios
1375 2123 1537 2153 scriberet.
1587 2123 1794 2154 Inuersiones
1819 2129 1905 2154 certe

398 2178 472 2204 sunt
503 2173 648 2213 quinque
679 2171 749 2213 (xii.
786 2183 819 2203 11
856 2174 972 2204 tenebit
1000 2180 1031 2205 cl
1061 2174 1181 2205 lmabit
1208 2185 1352 2205 [θυι-τί
1374 2174 1389 2204 l
1395 2185 1409 2209 ‚·
1441 2182 1482 2213 45
1512 2179 1628 2214 sepiem
1659 2175 1740 2206 alios
1769 2176 1906 2215 spiritus

397 2236 526 2261 secnms
563 2225 628 2255 xiii.
659 2233 697 2255 22
725 2230 774 2255 est
798 2226 977 2257 seminatus
1000 2227 1034 2257 in
1057 2227 1160 2266 spinis
1172 2227 1249 2266 =ffi
1274 2226 1288 2256 l
1296 2237 1310 2261 ,·
1343 2227 1435 2257 xxiv.
1460 2225 1500 2267 38
1526 2227 1560 2257 in
1584 2238 1695 2257 arcam
1720 2227 1904 2268 Noezg1,·

399 2278 502 2308 xxvii.
519 2278 560 2314 46
580 2276 783 2316 derelsqm'sti
802 2277 947 2318 mezgl)
968 2289 1052 2318 quae
1072 2280 1189 2309 codem
1210 2283 1370 2319 spectant,
1388 2283 1420 2308 et
1442 2289 1527 2318 quae
1548 2290 1590 2309 ex
1613 2279 1727 2309 multis
1746 2280 1905 2311 similibus

400 2329 532 2360 maioris
550 2329 709 2359 momenti
731 2329 894 2359 uidentur.
943 2330 1018 2367 Sed,
1036 2336 1071 2361 ut
1092 2331 1246 2363 diximus.
1263 2330 1325 2361 hoc
1348 2340 1450 2369 genus
1473 2330 1649 2361 lectionum
1672 2337 1903 2370 argumentum

399 2382 531 2422 grauius
555 2391 612 2421 per
636 2391 671 2411 se
694 2381 852 2411 sustinere
876 2392 940 2412 non
965 2387 1084 2422 potest.

433 2476 439 2489 ¹
460 2475 570 2499 Eandem
591 2474 784 2498 familiaritatem
809 2482 863 2497 cum
888 2478 956 2498 textu
981 2476 1099 2499 Sinaitico
1205 2476 1324 2499 Amiaiini
1351 2477 1374 2499 in
1399 2477 1503 2499 Actibus
1527 2477 1704 2507 Apostolorum
1733 2477 1781 2500 sere
1804 2480 1904 2501 omnino

400 2519 423 2539 et
441 2515 563 2539 Uaticano
584 2514 605 2536 in
628 2514 711 2537 Ueteri
729 2513 888 2537 Testamento
907 2518 930 2537 et
950 2515 1057 2538 maxime
1076 2515 1099 2537 in
1204 2522 1336 2545 congruere
1349 2523 1403 2538 cum
1414 2516 1519 2538 numeris
1532 2515 1572 2546 qui
1586 2516 1609 2538 in
1623 2516 1741 2539 Sinaitico
1751 2520 1773 2539 et
1784 2516 1904 2540 Uaticano

401 2554 527 2586 prophetis
547 2553 681 2576 ostendisse
700 2553 881 2583 Hieronymum
900 2558 982 2576 monet
1000 2561 1044 2576 nos
1063 2554 1100 2576 uir
1204 2554 1374 2585 adponuntur;
1391 2554 1447 2578 uide
1460 2558 1482 2577 et
1496 2554 1529 2577 H.
1541 2555 1572 2577 A.
1586 2554 1722 2583 Robinson.
1736 2554 1904 2583 Euthaliana,

400 2592 557 2616 doctissimus
571 2592 597 2615 F.
611 2592 639 2615 C.
655 2592 759 2619 Hurkitt,
773 2592 829 2615 uide
843 2591 918 2614 lrulcs
930 2592 959 2622 os
971 2593 1099 2622 Erramus,
1204 2601 1244 2624 pp.
1264 2600 1292 2623 41
1313 2601 1362 2623 seq.
1384 2594 1480 2623 (1895),
1499 2593 1539 2624 qui
1561 2593 1623 2616 hanc
1644 2594 1850 2616 enumerationem
1873 2594 1904 2616 ab

402 2641 443 2665 pp.
453 2632 517 2655 cviii.
527 2639 575 2661 seq.
584 2631 668 2661 (1894N
678 2639 683 2658 ;
695 2634 717 2654 et
730 2631 783 2662 F.J.
793 2631 823 2654 Α,
835 2631 899 2654 Hori
908 2631 1098 2659 rlntroa'mtiom
1205 2632 1323 2655 Euthalio
1336 2632 1472 2656 deriuatam
1487 2633 1616 2655 arbitratur
1627 2640 1632 2661 ς
1651 2636 1674 2655 et
1693 2633 1715 2655 S.
1732 2632 1827 2662 Berger.
1842 2633 1902 2655 llis-

402 2671 450 2695 vol.
462 2671 486 2694 ii.
498 2678 519 2701 p.
534 2669 588 2692 266*
604 2674 671 2693 uotnt
685 2670 849 2700 capitulorum
863 2669 995 2692 diuisione<
1008 2670 1100 2692 codicis
1203 2671 1264 2693 loire
1276 2671 1303 2693 κίε
1315 2671 1339 2693 [α
1358 2671 1467 2699 Vulgata
1483 2679 1523 2701 pp.
1540 2677 1659 2701 312-313.
