2209 3147
718 251 803 282 SEC
810 252 904 280 UND
911 252 980 281 HM
1000 253 1134 282 MARC
1141 253 1215 282 UM.

410 338 507 361 DffGJ
522 336 654 368 (capitula)
667 338 690 368 Q
703 337 791 368 (mm).

153 798 312 826 XXVIIII.
335 797 393 833 Qui
415 798 570 835 pecuniam
592 797 698 825 habent
721 797 833 826 difficile
857 798 1003 825 intrabunt
1025 797 1053 824 in

194 855 324 883 regnum.

153 1041 249 1070 XXX.
272 1040 331 1075 Qui
346 1040 470 1069 uoluerit
490 1040 525 1068 In
544 1040 628 1068 uobis
648 1049 710 1067 esse
731 1040 841 1076 primus
857 1039 907 1066 erit
924 1039 1054 1067 omnium

194 1097 302 1116 seruus.

153 1272 265 1300 XXXI.
288 1271 433 1309 quendam
449 1271 578 1299 Caecum
600 1271 793 1299 barthimeum
813 1279 897 1299 secus
912 1271 988 1299 uiam
1009 1279 1051 1298 se-

194 1319 312 1347 dentem
327 1318 507 1346 inluminauit
522 1318 573 1346 iris.

153 1366 280 1394 XXXII.
304 1366 421 1394 sedente
441 1366 490 1393 ihu
511 1374 597 1402 super
612 1365 723 1402 pullum
743 1365 855 1393 assiriae
875 1365 974 1392 turbae
994 1364 1052 1392 cla-

192 1414 312 1441 mabant
326 1422 461 1441 ossanna.

153 1459 298 1488 XXXIII.
320 1459 395 1488 Cum
411 1459 605 1488 maledixisset
621 1460 753 1487 arborem
769 1459 838 1486 ficus
854 1464 880 1486 et
896 1458 1053 1486 uendentes

193 1507 314 1536 ieciebat
328 1507 364 1535 de
380 1507 498 1544 templo.

153 1727 312 1756 XXXIIII.
335 1727 517 1755 Babtismum
532 1726 604 1755 ioh‘
619 1726 654 1754 de
670 1725 751 1754 caelo
767 1735 803 1753 an
817 1735 854 1754 ex
871 1726 1043 1754 horninibus.

154 1775 280 1803 XXXV.
303 1774 348 1802 De
364 1774 442 1802 uinia
457 1779 484 1802 et
499 1773 609 1802 colonis
624 1773 672 1810 qui
687 1773 853 1801 occiderunt
868 1773 1011 1802 heredem.

153 1991 295 2021 XXXVI.
317 1991 427 2020 reddite
443 1991 481 2019 do
497 1999 553 2027 que
569 1990 597 2018 di
613 1995 678 2018 sunt
693 1995 720 2017 et
732 1999 787 2027 que
804 1990 923 2018 cessaris
940 1991 1052 2018 cessari.

152 2093 282 2116 XXVIIII
301 2093 353 2122 JQ,
369 2092 416 2115 inc.
433 2091 508 2114 XXX
527 2091 550 2114 G
568 2098 633 2119 amn,
650 2091 697 2113 inc.
713 2090 802 2113 XXXI
820 2090 855 2113 ΞΡ.
889 2097 934 2113 om.
954 2092 1054 2114 debere

151 2127 186 2149 ΞΡ.
222 2133 283 2149 uxor
294 2133 351 2148 aur.
386 2127 413 2148 et
422 2130 438 2148 -e-
447 2124 535 2147 debere
554 2123 594 2147 GJ
613 2131 668 2146 aur.
704 2123 793 2153 suscipi
811 2123 828 2146 J
845 2131 900 2146 aur.
937 2130 1054 2151 regnum

158 2165 175 2183 ÷
184 2159 224 2182 dei
235 2158 307 2181 {PGJ
322 2165 378 2180 aur.

184 2191 322 2215 XXVIIII.
342 2189 458 2220 pecunias
476 2189 517 2213 GJ
531 2197 587 2212 aur.
622 2196 754 2216 regnum:
776 2188 927 2211 ÷caelorum
942 2188 1054 2219 SPGJQ

156 2230 174 2248 ’4-
183 2224 222 2247 dei
234 2231 291 2247 aur.

184 2257 267 2280 XXX.
288 2256 314 2278 in
332 2263 377 2278 uos
397 2255 478 2278 ffGJ,
520 2254 595 2277 XXX
612 2257 635 2277 et
652 2253 740 2277 XXXI
761 2253 789 2276 z'n
808 2261 888 2276 mmm
909 2253 963 2283 (suh
981 2254 1054 2277 titulo

149 2289 279 2317 XXXIII)
292 2291 341 2318 cap.
355 2288 484 2318 coniungit
495 2287 530 2310 ΞΡ.

182 2321 281 2345 XXXI.
305 2320 374 2344 ÷ubi
385 2320 419 2343 ad
429 2320 487 2343 init.
501 2320 553 2343 GJ.
582 2327 628 2342 om.
641 2319 830 2342 barthimeum
843 2318 885 2342 GJ
897 2327 954 2341 aur.
981 2322 1006 2345 >
1017 2326 1052 2342 se-

149 2354 248 2378 dentem
260 2361 329 2377 secus
340 2353 407 2376 uiam
419 2353 491 2375 z-PGJ
495 2352 518 2382 Q
526 2360 581 2375 aur.
617 2359 662 2375 om,
676 2353 720 2374 ihs
732 2352 759 2374 J.

182 2387 294 2410 XXXII.
313 2386 437 2409 sedentem
450 2385 501 2408 ihm
514 2384 601 2415 ffGQ,
611 2384 750 2407 sedentibus
760 2392 825 2412 amn,
834 2384 875 2407 ubi
888 2384 956 2407 sedet
968 2383 1006 2407 ihs
1016 2403 1021 2407 .
1032 2402 1050 2407 ..

149 2424 173 2443 et
185 2420 211 2443 J.
245 2426 292 2443 om.
306 2420 414 2442 assinae
426 2425 483 2441 aur.
518 2418 627 2441 clamant
640 2417 670 2440 G.
706 2424 826 2439 ossanna
835 2423 851 2440 4-
860 2416 884 2439 in
897 2416 998 2440 excelsis
1011 2417 1036 2440 J.

183 2452 308 2476 XXXIII.
327 2451 391 2474 Cum
403 2450 532 2474 maledixit
543 2450 581 2473 ihs
596 2450 657 2480 ffQ,
667 2457 722 2472 aur.
737 2449 844 2479 (edicet),
857 2449 899 2472 ubi
911 2449 976 2472 male
989 2449 1051 2472 dixit

150 2485 188 2508 ihs
201 2486 217 2509 J
229 2493 234 2513 ;
255 2489 282 2511 >
293 2485 335 2507 ubi
350 2484 461 2507 arborem
474 2483 533 2507 ficus
545 2482 671 2506 maledicit
684 2482 714 2505 G.
749 2485 792 2505 ets:
811 2482 854 2505 ubi
867 2482 884 2505 J
895 2490 900 2510 3
919 2490 964 2505 om.
977 2490 1050 2510 aur.;

150 2518 190 2541 hic
202 2518 249 2541 inc.
260 2517 359 2540 XXXV
371 2517 397 2540 J.
432 2516 489 2539 eicit
502 2516 534 2539 G.

182 2550 320 2573 XXXIIII.
341 2556 357 2573 ÷
366 2549 433 2572 etad
443 2549 501 2572 init.
511 2549 528 2572 J
532 2567 536 2571 .
562 2548 598 2571 ita
609 2548 679 2571 hahet
692 2547 716 2570 G
727 2547 769 2570 ubi
781 2547 914 2577 interrogat
926 2547 1051 2578 baptisma

149 2583 263 2606 iohannis
275 2590 293 2605 e.
324 2602 328 2606 .
341 2590 359 2605 s.

184 2590 341 2638 XXXVI.q÷
350 2615 391 2638 ubi
409 2615 468 2638 dicit
487 2614 520 2637 ad
536 2614 593 2637 z‘nz't.
613 2614 639 2637 J.
678 2617 704 2640 >
719 2621 781 2644 quae
798 2612 837 2636 (lei
856 2616 909 2635 sunt
924 2616 983 2639 (om.
997 2616 1051 2636 sunt

152 2648 185 2677 G)
200 2648 246 2671 deo
258 2648 356 2678 {PGJQ
368 2655 424 2671 aur.
460 2655 504 2670 om.
519 2654 571 2675 que
584 2654 624 2669 sec.
637 2645 667 2669 G.
702 2647 816 2670 cessaris
826 2652 841 2669 ÷
851 2649 905 2668 sunt
919 2645 972 2669 ffJ,

1694 254 1753 293 183

1238 339 1262 362 K
1275 340 1352 363 Harl.
1367 344 1430 369 2790
1442 340 1523 362 Nanc.
1537 339 1623 362 Bamh.

1107 525 1265 553 XXVIIII.
1289 525 1319 553 Si
1339 525 1403 554 licet
1423 535 1544 554 uxorem
1565 526 1618 554 dns
1636 526 1755 554 interro-

1147 578 1230 609 gatus
1246 572 1387 601 dimittere
1404 573 1518 601 debere.

1108 801 1203 830 XXX
1226 802 1263 830 Et
1278 803 1346 839 quia
1363 802 1443 830 diues
1458 802 1573 830 difficile
1591 802 1755 830 saluabitur.

1108 1039 1220 1068 XXXI.
1245 1039 1333 1067 Suam
1346 1039 1472 1067 secundo
1484 1039 1538 1068 dfis
1551 1040 1697 1076 discipulis
1713 1040 1757 1068 in-

1149 1087 1224 1115 dicat
1246 1087 1412 1124 passionem
1433 1087 1661 1124 petitionemque
1684 1088 1757 1116 filio-

1148 1143 1212 1161 rum
1229 1134 1372 1162 zebedaei.

1107 1275 1234 1303 XXXII.
1258 1275 1303 1303 De
1319 1284 1409 1303 caeco
1426 1275 1543 1304 nomine
1559 1275 1731 1304 barthimeo.

1108 1369 1250 1397 XXXIII.
1274 1369 1320 1397 De
1335 1369 1413 1406 pullo
1429 1369 1507 1397 asine
1523 1369 1582 1397 dno
1597 1369 1731 1398 adducto.

1107 1463 1266 1491 XXXIIII.
1297 1463 1342 1491 De
1374 1463 1430 1491 fico
1464 1468 1563 1491 arente
1597 1463 1755 1492 uendentes

1147 1515 1334 1547 ementesque
1351 1511 1459 1548 templo
1474 1511 1592 1539 areenti.

1107 1723 1232 1752 XXXV.
1256 1724 1290 1751 In
1302 1733 1360 1761 qua
1372 1729 1513 1761 potestate
1528 1724 1600 1752 haee
1612 1724 1666 1753 dfis
1679 1725 1754 1753 face-

1146 1776 1187 1799 ret
1208 1780 1225 1798 a
1243 1771 1441 1799 sacerdotibus
1463 1771 1592 1808 arguitur
1614 1771 1662 1799 dni
1685 1781 1755 1800 uero

1146 1819 1306 1855 responsio.

1106 1865 1247 1892 XXXVI.
1270 1865 1315 1893 De
1340 1865 1508 1902 parabolam
1534 1865 1635 1894 uineae
1662 1866 1754 1894 locate

1145 1912 1310 1940 cultoribus.

1105 1993 1261 2022 XXXVII.
1284 1993 1329 2021 De
1345 1994 1569 2031 interrogatione
1590 1993 1753 2031 pharisaeo—

1138 2095 1263 2118 XXXIII.
1288 2102 1305 2118 ÷
1314 2103 1328 2117 a
1340 2098 1397 2117 ante
1409 2096 1465 2118 dfio
1478 2094 1564 2117 Bamh.

1138 2128 1238 2150 XXXV
1250 2135 1254 2150 ε
1273 2127 1401 2151 XXXVII
1413 2128 1484 2158 lapsu
1498 2127 1528 2150 K.

1139 2160 1246 2184 XXXV.
1265 2168 1310 2184 om.
1325 2168 1340 2184 a
1352 2160 1432 2183 Nanc.
