2258 3157
386 261 460 281 xxx
531 251 806 279 PRAEFATIO.
857 249 952 278 CAP.
985 248 1056 278 Vll.
1102 248 1358 278 EDJTIONES
1378 249 1526 277 ALJAE
1548 249 1757 279 CITATAE.

474 345 504 375 in
529 345 632 375 forma
657 343 800 374 minima.
848 342 1107 372 Emendationes
1132 353 1196 373 non
1221 353 1345 383 paucae
1369 354 1411 373 ex
1439 354 1556 383 graeco
1582 344 1799 381 inueniuntur,
1824 353 1887 383 eg.

474 396 570 427 Matt.
592 397 646 426 xii.
673 405 710 436 31
738 395 889 434 ‘spiritus
912 399 1024 424 autem
1048 393 1277 433 blasphemias
1307 395 1371 425 xvi.
1391 404 1418 433 9,
1439 404 1477 424 10
1495 396 1652 435 ‘quinque
1674 393 1832 433 1122'll2·mn,'
1855 400 1889 426 et

472 452 632 488 ‘quassum‘
644 446 783 477 millium
798 446 819 483 3'
837 446 916 490 Luc.
928 446 948 476 i.
967 455 978 475 1
993 448 998 460 ‘
1011 456 1095 485 quae
1108 446 1192 476 inter
1206 457 1264 477 nos
1267 446 1454 487 plcm'ssz'ms
1459 447 1544 487 fidei
1556 453 1629 477 sunt
1645 458 1766 483 rerum3
1779 445 1784 456 ’
1804 458 1857 477 xv.
1871 447 1888 477 8

471 500 610 530 ‘cnem'it
624 497 789 533 domums
817 498 885 528 Ιο11.
898 499 938 528 vi.
953 507 992 538 23
1007 499 1148 538 ‘gratias
1164 504 1275 538 agrum
1291 498 1456 535 domino;'
1476 500 1545 528 xxi.
1559 508 1596 529 12
1614 499 1857 539 “ιιί’ς[ῑ]>1(]σνίιηι
1868 498 1888 536 ;’

473 551 515 581 ib.
531 560 569 581 22
585 552 631 581 ‘si
646 550 755 585 eum;'
779 550 856 581 Act.
870 550 972 579 xxvii.
985 555 1004 587 5
1020 550 1183 580 ‘uenimus
1200 550 1336 589 Myram
1353 561 1438 590 quae
1455 556 1503 581 est
1518 551 1640 590 Lyciae
1654 551 1677 587 ;¹
1699 551 1783 591 Eph.
1796 552 1836 581 vi.
1851 560 1888 590 13

473 606 479 617 ⁶
491 608 522 633 et
539 603 685 633 omnibus
693 602 850 642 perfectis
866 607 953 632 stare
966 601 987 639 ;'
1014 601 1148 632 Philem.
1161 610 1179 640 9
1197 604 1283 632 ‘cum
1301 603 1363 632 sim
1378 602 1486 639 talis;'
1508 612 1519 631 1
1536 602 1603 632 Pet.
1622 603 1652 632 ii.
1669 612 1706 643 23
1726 603 1888 633 ‘tradebat

471 660 583 685 autem
607 654 786 684 m‘ndiclam
811 654 965 685 iudicanti
991 651 1110 690 2'usle3'
1144 654 1185 683 iii.
1212 653 1228 681 8
1255 654 1314 683 ‘In
1337 664 1466 684 summa
1498 659 1630 684 autem:
1663 665 1778 685 omnes
1810 665 1889 685 una-

474 706 614 742 11111165;’
642 715 656 736 2
683 706 750 736 Pet.
768 706 797 736 ii.
819 715 852 735 11
884 708 966 735 ‘non
990 710 1123 745 portant
1146 706 1322 736 aduersum
1348 716 1381 735 se
1406 705 1494 745 apud
1513 705 1680 736 dominnm
1704 706 1890 736 execrabile

472 758 628 788 iudicium
644 757 669 795 ς’
709 767 718 786 1
753 758 823 788 Ioh.
856 757 895 788 iv.
925 767 942 798 3
975 760 1027 787 ‘et
1062 757 1167 787 01111115
1195 758 1329 797 spiritus
1361 758 1415 796 qui
1448 768 1509 787 72072
1540 757 1710 797 confitetur
1742 757 1887 788 IESVM

475 809 659 840 CHRJST
667 809 676 839 l
687 809 740 839 'M
754 810 787 840 in
803 820 899 839 carus
916 810 1039 839 uenisse
1056 820 1098 839 ex
1116 810 1178 839 deo
1195 819 1259 839 non
1277 807 1346 839 est.’

388 871 434 891 11.
460 861 658 892 Thielmann
685 861 803 892 ls'ivian
822 861 911 891 Paris
933 861 1020 901 Aug.
1043 866 1134 901 1534,
1152 861 1237 891 Nou.
1255 860 1346 891 Test.
1364 861 1479 891 eadem
1502 861 1616 899 forma,
1634 862 1722 901 quod
1745 861 1824 891 item
1846 872 1890 891 ex

470 923 588 953 graeco
604 913 816 943 emendatum
831 913 969 949 uidetur,
983 912 1133 952 quamuis
1146 912 1224 942 nihil
1236 912 1277 943 de
1290 913 1351 943 hac
1365 913 1596 943 emendatione
1611 914 1735 944 dictum
1749 913 1799 944 sit,
1835 913 1891 943 Ex

471 965 551 996 locis
575 965 682 995 citatis
704 965 881 996 concordat
905 975 978 995 cum
999 965 1099 994 lanta
1118 964 1216 995 Matt.
1232 965 1289 994 xii.
1308 974 1358 1005 31,
1375 964 1454 995 Luc.
1473 976 1527 995 xv.
1546 965 1572 1002 8,
1592 965 1662 995 Ioh.
1683 965 1753 995 xxi.
1773 973 1812 995 22
1831 966 1890 995 sed

472 1028 536 1047 non
561 1017 593 1047 111
617 1016 697 1047 aliis.
744 1017 825 1048 Luc.
851 1017 921 1046 xix.
943 1024 982 1056 37
1001 1021 1033 1046 et
1059 1015 1131 1046 Ioh.
1149 1017 1219 1046 xxi.
1245 1025 1282 1047 12
1307 1016 1387 1056 legit
1410 1021 1497 1047 recte
1517 1017 1740 1054 ‘dz'scc'lllillmss
1765 1022 1797 1047 et
1823 1017 1889 1047 Iac.

473 1069 515 1099 iii.
534 1076 550 1107 7
570 1073 576 1084 ⁵
588 1074 620 1099 et
636 1067 795 1099 celorum]

388 1130 435 1152 12.
460 1121 595 1151 Nouum
620 1121 872 1151 Testamentum
898 1121 962 1150 iam
987 1120 1139 1159 quintum
1164 1121 1408 1151 accuratissima
1432 1131 1507 1151 cura
1533 1121 1735 1160 recognitum
1760 1131 1779 1150 a
1804 1121 1889 1151 DES.

474 1173 632 1203 ERASMO
650 1173 790 1203 ROTER.
807 1182 880 1203 cum
897 1173 1166 1203 annotationibus
1182 1173 1339 1209 eiusdem,
1358 1173 1497 1209 Froben,
1512 1173 1669 1211 Basileae,
1690 1178 1770 1213 1535
1788 1173 1819 1202 in
1835 1173 1890 1203 fol.

388 1234 434 1265 13.
461 1222 563 1266 [Rob.
592 1224 783 1264 stephanius,
812 1224 943 1254 Parisiis
972 1230 1052 1262 1545
1081 1225 1113 1254 in
1137 1228 1172 1262 4⁰
1197 1225 1325 1255 minori.
1372 1225 1479 1255 Biblia
1504 1225 1623 1256 Latina
1647 1236 1720 1256 cum
1743 1225 1891 1255 uersione

473 1276 632 1317 Tigurina
656 1281 689 1307 et
715 1276 800 1307 notis
825 1276 959 1307 Uatabli
985 1274 1246 1318 marginalibus]
1296 1277 1480 1317 Exemplar
1503 1277 1611 1308 habeo
1635 1288 1700 1307 uno
1725 1277 1891 1307 uolumine

473 1329 744 1368 comprehensum
773 1339 848 1359 cum
873 1328 936 1358 hoc
964 1328 1062 1359 titulo
1090 1328 1218 1359 ‘Biblia
1248 1328 1351 1359 Sacra
1378 1339 1420 1359 ex
1448 1329 1601 1360 omnibus
1625 1329 1889 1360 orthodoxorum

475 1381 753 1411 lucubrationibus
771 1380 936 1419 recognita
957 1378 962 1420 Ι
983 1380 1133 1411 Uenetiis
1152 1381 1240 1420 apud
1259 1381 1390 1410 Petrum
1409 1381 1567 1411 Nicolinis
1584 1382 1625 1411 de
1642 1381 1787 1412 Sabellio
1804 1391 1890 1412 anno

475 1431 611 1462 M.D.LI.'
659 1432 759 1462 Liber
775 1438 885 1463 tamen
904 1442 992 1462 mere
1010 1432 1229 1472 Stephanicus
1246 1437 1304 1462 est.

390 1494 437 1522 14.
463 1484 549 1515 Rob.
569 1484 762 1524 Stephanus,
780 1484 910 1515 Parisiis
936 1485 1016 1523 1546
1034 1485 1066 1515 in
1088 1484 1164 1514 folio
1181 1482 1299 1525 (editio
1321 1495 1363 1514 ex
1386 1484 1513 1524 optima
1535 1485 1604 1515 eius
1624 1485 1705 1524 1538
1728 1483 1890 1525 repetita),

474 1546 571 1576 quem
588 1536 707 1566 librum
725 1537 757 1566 111
774 1536 835 1567 hac
852 1536 996 1567 editione
1013 1546 1143 1576 semper
1159 1536 1299 1566 citamus
1316 1537 1377 1566 sub
1394 1535 1477 1576 siglo
1497 1546 1520 1569 ς
1536 1547 1566 1576 q.
1578 1548 1606 1567 v.

392 1594 438 1626 15.
464 1588 605 1618 Iacobus
624 1588 749 1618 Gimn‘a
769 1588 874 1628 Lugd.
895 1587 976 1626 1548
995 1589 1026 1618 111
1043 1588 1132 1624 folio,
1149 1587 1201 1618 uel
1226 1588 1334 1618 forsan
1357 1588 1467 1628 potius
1488 1589 1563 1619 anni
1591 1588 1672 1626 1546
1690 1586 1890 1629 (excudebat

474 1639 690 1670 Theobaldus
722 1638 896 1681 paganus).
955 1639 1145 1671 Secundum
1179 1640 1422 1670 Uercellonium
1452 1640 1549 1671 refert
1579 1641 1630 1670 ed.
1658 1640 1889 1680 Stephanicarn

476 1691 605 1722 Parisiis
626 1699 717 1731 1532.

391 1744 438 1774 16.
464 1744 551 1774 Rob.
571 1743 763 1783 Stephanus,
784 1750 865 1783 1555
883 1744 913 1774 in
932 1743 965 1773 80
981 1742 1182 1785 (excudebat
1201 1744 1351 1774 Roberto
1376 1743 1545 1784 Stephano
1563 1743 1735 1775 Conradus
1760 1744 1892 1780 Badius,

475 1806 563 1826 anno
582 1802 717 1825 M.D.Lv.
734 1796 787 1826 viii
806 1796 878 1826 idus
895 1795 1044 1837 Aprilis).
1092 1796 1199 1826 Biblia
1216 1797 1322 1836 prima
1344 1805 1417 1826 cum
1440 1796 1587 1826 uersibus
1608 1796 1774 1826 hodiernis
1793 1797 1893 1831 edita,

475 1858 617 1888 quorum
640 1858 792 1878 numeros
817 1848 847 1878 in
871 1847 932 1879 hac
958 1848 1101 1879 editione
1129 1848 1304 1888 sequimur.
1351 1848 1526 1879 Lectiones
1551 1849 1659 1879 uariae
1687 1848 1719 1878 in
1745 1849 1891 1888 margine

476 1899 650 1930 adduntur.

393 1959 440 1991 17.
463 1950 567 1992 Apud
587 1951 744 1981 Ioannem
761 1951 960 1982 Frcllom'nm
973 1952 1128 1992 Lugduni
1147 1952 1227 1990 1556
1246 1952 1277 1981 in
1293 1951 1335 1981 8⁰.
1374 1952 1494 1982 ‘quta
1505 1951 1673 1991 vulgatam
1692 1949 1893 1982 editionem.’

477 2003 723 2043 Typographus
741 2003 772 2033 in
790 2003 930 2043 epistola
946 2005 987 2034 ad
1003 2004 1156 2034 lectorem
1174 2004 1218 2033 ait
1236 2003 1339 2033 ‘Dein
1356 2013 1441 2043 quae
1456 2004 1498 2033 ad
1517 2013 1681 2034 sacrarum
1695 2014 1789 2034 sensa
1805 2003 1893 2034 liter-

477 2056 588 2085 ‘arum
606 2055 770 2095 pertinere
790 2055 859 2085 visa
881 2060 956 2085 sunt
977 2065 1043 2085 non
1063 2056 1251 2089 omissurus,
1268 2065 1379 2085 versus
1395 2054 1559 2094 quoslibet
1583 2056 1748 2086 notandos
1771 2056 1893 2085 curavi.

478 2106 596 2146 ‘Quod
614 2117 680 2136 non
703 2107 770 2137 sine
793 2107 947 2137 Numinis
971 2112 1052 2137 nutu
1077 2107 1169 2137 initio
1189 2107 1319 2144 factum,
1336 2111 1435 2146 atque
1459 2106 1489 2135 in
1514 2106 1598 2137 hanc
1621 2117 1723 2146 vsque
1746 2112 1892 2137 nostram

480 2162 486 2174 ‘
498 2159 641 2198 putarim
660 2163 877 2198 prorogatum*
898 2164 1051 2196 aetatem,
1067 2168 1133 2198 quo
1150 2157 1302 2188 videlicet
1323 2168 1419 2188 sensa
1436 2158 1515 2198 ipsa,
1533 2158 1630 2188 certis
1650 2158 1805 2189 distincta
1821 2169 1892 2189 ver-

480 2210 596 2246 ‘sibus,
623 2220 719 2240 verae
750 2210 954 2250 Theologiae
985 2210 1140 2240 studiosis
1171 2215 1203 2240 et
1234 2209 1350 2240 clarius
1376 2209 1627 2245 innotescerent,
1654 2215 1686 2240 et
1718 2210 1894 2241 memoriae

479 2261 621 2292 ‘facilius
642 2262 896 2292 mandarentur!
943 2262 995 2292 De
1019 2262 1168 2292 Roberto
1191 2261 1362 2302 Stephano
1380 2272 1420 2291 ne
1445 2262 1581 2292 uerbum
1606 2262 1748 2301 quidem.
1794 2261 1894 2303 Typo

482 2314 585 2344 nitido
602 2318 633 2344 et
652 2314 777 2344 minuto
795 2324 936 2344 excusus
953 2319 1001 2344 est
1018 2313 1102 2344 liber
1118 2319 1150 2344 et
1168 2324 1279 2344 uersus
1296 2313 1454 2344 hodierno
1475 2324 1564 2343 more
1580 2314 1828 2344 distribuuntur.

398 2365 446 2395 18.
471 2365 510 2395 In
534 2365 662 2396 officina
686 2365 864 2396 haeredum
890 2366 1002 2396 Lucae
1025 2366 1163 2396 Antonii
1188 2366 1314 2403 lemme,
1334 2365 1483 2396 Uenetiis
1510 2370 1602 2403 1557,
1618 2375 1729 2395 mense
1754 2365 1839 2395 Iulio
1863 2365 1894 2395 in

481 2416 560 2447 folio
584 2427 658 2448 cum
683 2417 769 2447 notis
792 2417 916 2448 Isidori
941 2417 1048 2449 Clarii
1066 2417 1212 2447 Brixiani
1238 2417 1395 2457 Episcopi
1420 2416 1663 2457 Fulginatensis
1687 2427 1729 2447 ex
1752 2418 1896 2447 secunda

483 2469 550 2499 eius
567 2469 785 2509 recognitione
801 2468 867 2510 (De
884 2470 989 2510 prima
1005 2469 1149 2500 editione
1167 2469 1283 2499 Isidori
1304 2468 1402 2500 Clarii
1422 2469 1570 2499 Uenetiis
1591 2475 1670 2507 1542
1688 2469 1719 2498 111
1736 2468 1789 2499 fol.
1806 2469 1895 2508 apud

485 2520 617 2550 Petrum
643 2520 820 2558 Schoeffer,
837 2522 915 2552 dicit
934 2521 1162 2552 Uercellonius
1188 2524 1283 2551 ‘usus
1307 2525 1355 2551 est
1380 2521 1430 2551 ed.
1448 2520 1509 2551 sub
1534 2530 1563 2550 11.
1588 2521 1627 2558 58
1645 2518 1714 2561 (1.6.
1736 2519 1894 2559 Stephani

487 2576 493 2588 ‘
510 2572 603 2612 1528)
620 2577 653 2602 at
670 2573 832 2612 permulta
849 2578 970 2603 temere
987 2573 1084 2603 nimis
1100 2572 1289 2603 reformauit
1303 2571 1331 2613 ⁹).

403 2633 452 2665 19.
477 2623 578 2663 Apud
596 2623 752 2654 haeredes
770 2624 907 2655 Carolae
925 2624 1074 2655 Guillard
1091 2624 1208 2655 uiduae
1225 2625 1391 2664 quondam
1413 2624 1540 2655 Claudii
1567 2622 1772 2654 Cheuallonii
1797 2622 1894 2654 Paris.
