2209 3147
411 328 516 358 DEPGQ
525 335 582 351 aur.

247 373 376 402 XVIIII.
399 374 437 401 Et
458 374 502 402 ihs
525 374 563 402 ad
589 373 686 401 turbas
709 373 745 400 de

286 421 412 449 iohanne
428 421 562 457 loquitur.

248 467 314 495 XX.
336 468 509 496 recumbens
532 467 576 495 ihs
601 467 631 495 in
655 467 746 495 domu

287 514 396 542 farissei
416 514 560 551 quaedam
578 514 681 542 mulier
702 514 744 541 in-

286 570 386 597 gressa
412 561 535 589 lacrimis
561 560 630 588 lauit
656 560 745 597 pedes

286 608 347 635 eius
362 612 391 635 et
406 607 516 644 capillis
531 612 649 644 turgens
661 616 744 635 oscu-

286 654 397 682 labatur
412 660 439 682 et
454 654 601 691 unguebat
613 663 744 691 unguen-

284 705 323 729 to.

243 746 325 774 XXI.
348 747 405 775 Pro
420 747 505 776 Ponit
520 747 688 784 parabulam
701 756 745 775 se-

284 794 420 821 minantis
456 799 483 822 et
519 794 651 831 adaperit
679 803 744 822 eam

285 840 434 877 discipulis
458 846 486 868 et
508 840 744 869 Annuntiabatur

284 887 310 915 ei
330 892 423 915 mater
442 892 470 915 et
490 887 591 915 fratres
610 888 672 916 eius
694 887 743 925 qui

284 932 352 962 foris
369 939 452 962 stant.

242 1366 340 1395 XXII.
372 1366 410 1394 Et
439 1366 601 1394 dormiente
633 1365 680 1393 ihu
710 1366 739 1393 in

283 1413 416 1441 nauicula
430 1413 506 1441 facta
523 1418 566 1440 est
583 1418 739 1450 tempestas

282 1467 309 1489 et
328 1466 446 1497 rogatus
465 1469 482 1488 a
503 1460 649 1498 discipulis
670 1469 738 1488 con-

281 1508 384 1545 piscuit
398 1516 478 1535 mare
493 1512 521 1535 et
537 1507 620 1535 siluit.

241 1554 354 1582 XXIII.
378 1554 413 1581 In
436 1554 556 1591 regione
579 1554 739 1590 gerassino-

282 1610 345 1628 rum
376 1600 452 1637 legio
481 1600 594 1638 rogauit
622 1600 681 1628 ihm
710 1605 741 1628 ut

282 1653 462 1675 transeuntes
484 1647 519 1675 de
539 1647 656 1675 homine
675 1652 740 1675 eant

281 1695 310 1721 in
326 1703 440 1731 porcos.

273 1821 386 1846 XVIIII.
415 1821 443 1844 in
466 1829 546 1844 unum
568 1829 623 1844 cum
641 1825 739 1852 praece-

240 1855 310 1878 dente
330 1854 374 1877 sub
393 1862 496 1877 numera
514 1854 617 1877 XVIIII
635 1858 739 1885 (empra-

241 1887 327 1911 hendit
339 1887 369 1917 Q,
382 1887 426 1909 sub
438 1895 540 1910 numero
553 1887 643 1909 XVIII
656 1895 713 1910 aur.

274 1920 324 1943 XX
343 1919 460 1949 (XVIIII
477 1919 504 1942 in
521 1919 564 1949 G).
583 1919 630 1942 inc.
644 1919 686 1942 ubi
704 1928 739 1943 re-

241 1953 366 1976 cumbenti
378 1951 419 1975 iliu
431 1956 471 1975 etc.
485 1952 516 1975 G.
551 1952 576 1975 in
589 1952 690 1975 domum
707 1952 737 1982 Q.

240 1994 287 2009 om.
297 1986 434 2012 quaedam
444 1985 475 2008 G.
501 1985 641 2016 >ingressa
651 1985 739 2008 mulier

241 2018 273 2042 G.
308 2017 422 2041 lacrimas
437 2017 467 2041 G.
503 2019 562 2040 eius
576 2035 581 2040 .
601 2036 606 2041 .
627 2036 632 2041 .
651 2020 737 2041 osqu.

240 2059 285 2074 om.
296 2050 326 2073 G.
356 2052 513 2077 unguebat:
526 2058 572 2073 om.
582 2050 615 2081 Q;
628 2051 697 2073 unxit
706 2050 736 2074 G.

273 2083 343 2106 XXI.
363 2089 380 2105 4-
389 2083 431 2105 ubi
440 2082 475 2105 ad
481 2083 538 2105 init.
550 2083 581 2106 G.
604 2085 738 2111 proponit

247 2123 265 2139 -l-
273 2116 318 2139 dns
330 2123 387 2139 aur.
412 2115 489 2145 aperit
499 2115 560 2139 [»PG.
586 2117 652 2139 diso.
663 2123 679 2139 ÷
689 2116 738 2139 suis

239 2149 293 2178 SPQ
300 2156 357 2171 aur.
392 2148 551 2171 nuntiabatur
564 2148 624 2178 SPQ,
642 2149 738 2172 nuntia-

240 2182 327 2204 bantur
336 2189 403 2209 aur„
412 2181 513 2203 -tiantur
522 2180 552 2204 G.
582 2183 607 2204 ei
617 2189 622 2204 ς
636 2185 658 2204 et
666 2182 737 2211 lapsu

240 2214 272 2237 D.
308 2213 393 2236 fratres
402 2213 439 2236 sui
447 2213 505 2243 foris
514 2216 604 2237 stantes
615 2214 646 2237 G.
680 2214 737 2244 quia

239 2246 255 2270 f.
268 2250 359 2270 starent
371 2253 427 2269 aar.

272 2278 358 2302 XXII.
381 2279 423 2301 ubi
441 2278 564 2302 dormiens
581 2279 606 2301 in
623 2279 737 2302 nauicula

239 2312 360 2335 excitatus
372 2319 386 2334 a
400 2311 527 2341 discipulis
543 2319 615 2342 eonp.
632 2315 736 2342 tempes-

240 2348 291 2368 tate
303 2348 326 2367 et
340 2351 406 2367 mare
415 2347 437 2366 et
448 2343 485 2366 sil.
498 2344 534 2366 ita
545 2344 575 2367 G.
610 2352 656 2367 om.
667 2347 694 2367 et
704 2345 740 2367 ad

239 2377 297 2401 init.
315 2385 371 2399 aur.
405 2384 452 2399 om.
470 2379 513 2399 est
533 2385 588 2399 aur.
624 2385 729 2404 eonp.÷

240 2413 339 2433 uentum
353 2413 375 2432 et
387 2417 444 2432 aur.
479 2417 524 2432 om.
538 2413 566 2432 ei:
578 2411 658 2432 siluit
670 2418 727 2433 aur.

272 2443 305 2466 In
346 2441 445 2470 XXIII,
486 2442 599 2471 XXIIII,
639 2442 735 2472 XXVI,

238 2474 363 2503 XXVIII,
383 2481 399 2497 ÷
408 2475 449 2497 ubi
461 2474 497 2497 ad
507 2475 562 2498 init.
573 2475 604 2499 G.

271 2507 371 2531 XXIII.
389 2507 643 2534 legio÷daem0num
662 2508 694 2536 G,
715 2511 737 2531 et

242 2544 268 2566 >
275 2540 422 2563 daemonum
431 2539 497 2571 legio
505 2540 541 2568 ΞΡ,
550 2540 736 2564 daemoniorum

238 2573 304 2603 legio
321 2581 380 2596 aur.
414 2576 484 2603 rogat
502 2573 579 2603 EPGQ
591 2581 648 2596 aur.
683 2581 736 2597 exe-

238 2609 307 2628 untes
326 2605 374 2636 GQ
385 2613 443 2628 aur.
484 2609 564 2629 eant:
588 2606 650 2629 irent
670 2614 736 2634 aura,

238 2638 326 2661 intrent
340 2638 371 2661 G.

819 243 1082 272 SECUNDUM
1100 244 1127 271 L
1136 244 1271 273 UCAM.

962 327 979 350 J
992 326 1134 358 (capitula).

798 465 863 493 XX.
890 464 948 493 Ubi
976 466 1006 493 in
1036 465 1126 494 domo
1154 465 1297 503 pharisaei

838 512 939 540 mulier
960 512 1106 549 peccatrix
1128 513 1218 550 pedes
1235 513 1296 540 iesu

838 559 921 587 unxit
933 564 1084 595 unguento
1094 564 1122 587 et
1133 559 1169 587 de
1181 559 1296 587 duobus

838 606 943 643 quibus
979 605 1109 633 debitum
1145 606 1296 634 dimissum

838 658 889 680 est.

797 747 879 774 XXI.
899 746 958 775 Ubi
973 746 1158 783 praedicabat
1172 756 1296 784 regnum

839 794 884 822 dei
914 802 980 821 cum
1013 793 1161 830 discipulis
1196 800 1225 822 et
1260 794 1296 822 de

838 841 947 868 semine
957 841 1038 868 uerbi
1049 841 1094 869 dei
1107 841 1186 879 quod
1196 841 1296 870 cecidit

837 888 866 916 in
882 893 987 916 terram
1002 888 1110 916 bonam
1126 894 1153 916 et
1168 889 1284 917 malam.

796 1122 894 1151 XXII.
917 1122 961 1151 De
983 1123 1100 1151 lucerna
1122 1124 1175 1151 sub
1195 1123 1294 1152 modio

835 1175 863 1198 et
882 1171 931 1198 ubi
952 1176 1043 1198 mater
1062 1171 1122 1199 eius
1144 1176 1172 1198 et
1193 1170 1293 1199 fratres

835 1218 1013 1254 quaerebant
1030 1227 1098 1245 eum
1118 1223 1146 1246 et
1163 1218 1211 1246 ubi
1227 1218 1293 1246 dor-

1785 247 1844 287 283

1408 328 1432 351 K
1443 329 1519 351 Harl.
1536 333 1598 359 2790
1608 329 1689 352 Nanc.
1700 330 1788 354 Bamb.

1348 466 1477 494 XVIIII.
1493 466 1551 494 Ubi
1561 467 1650 504 pedes
1660 468 1709 496 ihu
1720 468 1846 496 lacrimis

1390 513 1493 541 mulier
1508 514 1620 550 rigauit.

1349 750 1415 779 XX.
1455 751 1501 779 De
1534 751 1666 780 doctrina
1702 752 1846 781 seminum

1389 807 1512 835 eamque
1534 799 1671 836 apostolis
1695 800 1753 828 suis
1778 809 1847 836 ape-

1389 845 1464 873 riens
1494 845 1529 873 de
1559 845 1707 874 lucernam
1736 846 1782 874 uel
1811 847 1847 875 de

1389 898 1480 920 matre
1505 892 1543 920 ad
1567 901 1634 921 eum
1657 892 1847 931 fratribusque

1388 939 1576 967 uenientium.

835 1265 887 1292 mit
899 1265 927 1292 in
940 1264 1010 1292 mari
1022 1270 1049 1292 et
1063 1265 1183 1302 imperat
1196 1270 1292 1293 uento.
1319 1276 1320 1279 ¹

794 1552 908 1580 XXIII.
938 1552 972 1580 In
996 1552 1115 1589 regione
1139 1562 1293 1589 geraseno-

834 1609 897 1627 rum
935 1599 1081 1637 legionem
1117 1600 1293 1629 daemonum

834 1647 898 1674 eicit
911 1646 959 1684 qui
972 1647 1119 1675 introierat
1134 1647 1163 1674 in
1178 1656 1292 1684 porcos.

1319 1349 1321 1392 Ι,
1348 1365 1429 1394 XXI.
1453 1365 1498 1393 De
1514 1366 1717 1403 tranquillitate
1733 1367 1829 1394 maris.

1348 1554 1446 1582 XXII.
1462 1554 1507 1582 De
1521 1554 1715 1582 daemoniaco
1727 1553 1846 1582 liberato

1387 1602 1415 1629 in
1433 1607 1506 1630 terra
1521 1610 1733 1639 gerasenorum.

1378 1820 1490 1844 XVIIII.
1511 1820 1607 1844 mulieri
1620 1820 1701 1843 lVanc.

1378 1853 1436 1876 XX.
1466 1855 1610 1880 aperiens:
1648 1853 1727 1883 aperit
1763 1852 1845 1876 ihesus

1346 1885 1450 1917 (semper
1461 1886 1533 1917 plene
1550 1886 1609 1912 scr.)
1629 1886 1709 1909 Nanc.
1728 1887 1763 1909 ad
1780 1893 1845 1909 eum

1345 1920 1536 1946 fratribusque
1554 1920 1730 1942 uenientium
1749 1919 1776 1941 in
1793 1921 1844 1949 cap.

1346 1951 1408 1975 XXI
1416 1952 1490 1982 ponit
1502 1951 1583 1976 Nam.
1591 1955 1647 1982 post
1658 1953 1751 1975 maris.
