2209 3147
410 331 514 362 DSPGQ
523 339 581 354 aur.

247 472 302 500 III.
331 472 455 509 Accepit
483 471 595 500 semion
622 479 745 508 puerum

286 519 345 547 ihm
375 524 402 547 et
431 518 576 546 benedixit
612 518 682 546 dfim
718 523 745 545 et

286 566 363 594 dedit
378 575 471 594 annae
486 565 632 602 profetiae.

247 707 320 735 IIII.
342 707 431 735 Anno
454 706 541 743 igitur
564 716 623 734 -ΧΠ-
651 705 694 734 ihs
717 706 745 733 in

287 754 397 791 templo
413 753 538 782 docebat
553 753 690 781 seniores.

246 1003 283 1030 V.
306 1002 365 1030 Ubi
375 1002 508 1030 iohannis
518 1002 642 1030 babtizat
653 1011 746 1039 popu-

287 1049 347 1077 lum
362 1050 506 1077 babtismo
523 1049 727 1077 Poenitentiae.

246 1097 298 1125 VI.
324 1096 503 1124 Babtitzatus
515 1096 558 1124 ihs
571 1097 608 1124 ab
621 1096 746 1124 iohanne

286 1143 339 1172 fuit
360 1144 419 1172 fere
444 1152 588 1171 annorum
612 1152 671 1171 xxx
697 1143 746 1180 qui

286 1192 442 1228 putabatur
464 1199 527 1218 esse
550 1190 623 1218 filius
645 1190 746 1227 ioseph

286 1244 313 1267 et
328 1238 478 1275 generatio
492 1246 584 1275 usque
600 1238 685 1265 adam
698 1237 746 1274 qui

286 1285 361 1313 filius
385 1285 414 1313 di
442 1284 492 1313 fuit
517 1284 554 1312 Et
582 1285 612 1312 in
639 1285 745 1313 diserto

286 1333 427 1370 agebatur
449 1341 465 1360 a
486 1332 602 1360 diabulo
623 1337 746 1369 tempta-

287 1388 333 1410 tus
348 1387 375 1410 et
390 1381 533 1410 Ieiunauit
549 1381 577 1409 xl
593 1382 704 1410 diebus.

246 1837 314 1865 VII.
336 1837 374 1865 Et
392 1837 427 1866 In
448 1838 595 1866 natzareth
614 1838 681 1875 legit
700 1838 744 1867 ihs

287 1885 392 1912 librum
414 1885 515 1913 issaiae
537 1890 565 1914 et
589 1886 659 1914 dixit
683 1895 743 1914 non

819 246 1081 276 SECUNDUM
1099 248 1126 275 L
1135 247 1270 277 UCAM.

964 332 981 355 J
993 331 1133 362 (capitula).

801 710 919 749 V(s1‘c).
942 710 1000 738 Ubi
1025 710 1161 739 remansit
1186 709 1261 738 iesus
1283 720 1299 738 a

840 758 1007 795 parentibus
1027 758 1057 785 in
1077 757 1187 794 templo
1206 762 1233 785 et
1248 757 1300 785 do-

841 806 930 834 cebat.

800 1007 851 1035 VI.
875 1007 920 1035 De
942 1007 1088 1045 baptismo
1113 1006 1247 1035 iohannis
1273 1011 1301 1034 et

842 1054 973 1082 doctrina
1002 1060 1030 1082 et
1062 1053 1110 1081 ubi
1145 1053 1301 1091 baptizauit

841 1110 942 1129 iesum.

799 1335 867 1364 VII.
903 1335 962 1363 Ubi
995 1334 1133 1363 ieiunauit
1165 1334 1240 1362 iesus
1271 1338 1300 1363 et

841 1383 971 1411 temtauit
985 1391 1052 1410 eum
1068 1381 1210 1410 diabolus.

797 1839 881 1868 VIII.
904 1839 962 1868 Ubi
985 1840 1064 1868 uenit
1087 1840 1116 1867 in
1139 1839 1247 1877 templo
1270 1844 1298 1868 et

839 1888 953 1925 legebat
979 1887 1152 1925 prophetam
1176 1892 1203 1916 et
1230 1887 1298 1915 dicit

1786 257 1844 288 277

1413 332 1437 355 K
1445 333 1521 355 Harl.
1537 340 1547 355 2
1553 337 1599 363 790
1608 333 1690 356 Nanc.
1700 334 1787 356 Bamh.

1351 377 1405 405 III.
1428 377 1473 405 De
1489 378 1707 407 circumcisione
1722 379 1779 406 ihu.

1353 712 1422 740 IIII.
1449 712 1507 741 Ubi
1536 713 1580 740 ihs
1608 722 1750 741 annorum
1779 713 1850 741 duo-

1394 759 1490 788 decim
1505 760 1622 788 docens.

1353 1001 1390 1031 V.
1416 1001 1474 1030 Ubi
1503 1002 1644 1030 iohannes
1674 1001 1799 1039 baptizat
1825 1007 1852 1029 et

1394 1050 1443 1077 ubi
1458 1049 1502 1077 ihs
1518 1050 1680 1087 baptizatur
1732 1058 1852 1085 genera-

1394 1097 1487 1125 tiones
1502 1101 1627 1134 patrum.

1353 1333 1405 1362 VI.
1428 1333 1486 1362 Ubi
1503 1334 1546 1362 ihs
1562 1339 1725 1371 temptatur.

1351 1841 1418 1870 VII.
1441 1841 1499 1870 Ubi
1521 1842 1565 1870 ihs
1587 1841 1720 1871 nazareth
1744 1841 1848 1870 librum

1394 1889 1470 1927 legit.

279 2010 327 2033 III.
348 2017 364 2034 ψ
374 2013 396 2033 et
409 2010 443 2033 ad
453 2010 510 2033 init.
520 2010 575 2041 GQ.
610 2010 701 2041 accipit
714 2011 744 2041 Q.

246 2044 327 2065 dfim:
352 2042 424 2066 deum
448 2043 470 2073 Q
483 2051 539 2066 aur.
581 2046 605 2067 et
628 2043 658 2066 de
682 2051 745 2066 anna

246 2075 376 2106 profetissa
396 2075 449 2105 EPQ
459 2083 464 2103 ;
488 2080 511 2099 et
534 2084 597 2099 anna
617 2079 670 2099 erat
689 2084 745 2106 pro-

247 2107 374 2138 phetizans
383 2108 413 2136 G,
422 2111 445 2132 et
456 2112 505 2132 erat
518 2116 581 2132 anna
592 2108 746 2139 prophetissa

246 2148 303 2163 aur.

280 2173 341 2196 IIII.
360 2181 479 2196 annorum
496 2173 549 2204 EPQ
563 2182 629 2202 aun,
645 2174 687 2197 ubi
703 2182 744 2197 an-

246 2214 334 2229 norum
355 2206 386 2229 G.
420 2214 466 2230 om.
488 2207 576 2233 igitur
598 2206 677 2237 {PGQ
688 2215 744 2230 aur.

249 2242 276 2265 >
286 2238 392 2262 docebat
403 2239 428 2262 in
440 2239 533 2269 templo
546 2239 576 2262 G.
607 2241 744 2263 seniores:

246 2279 369 2295 sermones
381 2271 451 2302 lapsu
465 2272 496 2294 D.

280 2304 310 2326 V.
320 2312 365 2327 om.
372 2305 422 2327 ubi
431 2312 488 2327 aur.
504 2304 654 2335 baptismum
661 2304 745 2334 Qaur.

280 2337 323 2360 VI.
343 2344 360 2360 ψ
370 2341 393 2360 et
405 2337 504 2360 adz'm't.
516 2337 601 2367 EPGQ.
636 2338 712 2360 habt.
722 2344 738 2361 4-

247 2372 329 2393 autem
345 2377 401 2393 aur.
437 2371 483 2397 qui
496 2373 553 2400 pn:
573 2369 639 2400 quod
657 2369 746 2393 Gaur.

246 2404 323 2425 filius
335 2406 378 2433 pr.
388 2411 393 2426 z
415 2401 493 2425 filium
510 2410 566 2425 aur.
602 2404 747 2429 generatio

254 2435 322 2458 ÷ihu
334 2435 369 2458 ΞΡ.
404 2442 493 2463 usque
504 2443 508 2458 :
528 2442 574 2458 om.
587 2435 627 2462 3³3
648 2442 664 2459 ÷
674 2435 704 2458 ad
715 2435 746 2466 Q

243 2471 291 2498 pro
303 2470 447 2495 generatio
459 2471 499 2491 etc.
511 2468 597 2498 legunt
605 2468 639 2490 sic
649 2467 747 2496 Gaur.;

247 2500 399 2524 enumeratio
420 2500 605 2531 generationum
629 2500 653 2523 in
677 2508 746 2531 supe-

247 2533 323 2556 riores
335 2536 416 2563 patres
428 2541 503 2564 usque
516 2533 547 2556 ad
559 2533 632 2556 adam
645 2537 668 2556 et
682 2532 748 2556 filius

248 2565 274 2588 di
286 2565 311 2588 in
323 2566 419 2589 deserto
431 2569 471 2589 etc.
486 2566 516 2589 G.
527 2574 532 2594 ;
551 2565 575 2588 in
587 2565 748 2596 supereriores

249 2602 330 2628 patres
342 2606 418 2629 usque
430 2599 461 2621 ad
474 2599 547 2622 adam
559 2602 582 2622 et
596 2598 673 2621 finum
685 2598 711 2621 di
723 2602 747 2622 et

248 2631 273 2653 in
285 2631 381 2655 deserto
393 2635 433 2654 etc.
447 2639 503 2654 aur.
542 2631 624 2658 >fuit
641 2631 706 2654 filius
722 2631 747 2653 di

249 2663 309 2693 EPQ.
345 2671 390 2687 om.
403 2667 432 2687 et
444 2667 500 2687 ante
513 2664 748 2694 ieiun.3PGQa⁷1r.
773 2672 775 2694 [

1383 2014 1445 2039 1111.
1467 2013 1628 2041 >duodecim
1638 2020 1758 2036 annorum
1768 2013 1852 2037 Nam.

1574 2712 1629 2745 Pp
