2209 3147
725 280 791 308 DE
814 279 948 309 COLJS
970 279 1036 307 ET
1056 278 1373 308 COMMATJBUS.
1738 287 1798 321 735

300 365 340 397 ad
360 364 493 396 Esaiam
513 364 732 395 Eustochium
751 368 863 394 monet
876 374 916 394 ne
934 367 1025 393 ‘cum
1043 362 1222 403 prophetas
1236 363 1355 393 uiderit
1369 363 1515 394 uersibus
1533 374 1603 394 esse
1620 364 1798 404 distinctos,

300 422 404 447 metro
422 427 477 447 eos
497 416 666 447 existimet
682 415 769 455 apud
789 416 963 445 Hebraeos
979 414 1072 454 ligari
1088 439 1093 444 .
1113 439 1119 445 .
1136 439 1141 444 .
1160 415 1216 445 sed
1234 415 1323 454 quod
1342 415 1374 444 in
1399 415 1623 446 Demosthene
1639 421 1671 446 et
1689 416 1799 447 Tullio

298 469 382 499 solet
407 468 485 504 fieri,
505 473 539 498 ut
558 477 615 507 per
639 467 711 497 cola
728 467 911 497 scribantur
930 471 962 497 et
982 471 1156 504 commata,
1173 466 1228 505 qui
1253 466 1367 506 utique
1384 477 1481 506 prosa
1505 471 1537 497 et
1561 477 1626 497 non
1651 468 1799 498 uersibus

298 518 578 560 conscripserunt.’
608 518 644 548 In
662 518 869 548 Ezechielem
888 518 999 548 scribit
1017 517 1154 557 ‘Legite
1172 518 1272 558 igitur
1285 522 1317 548 et
1334 518 1419 548 hunc
1437 518 1531 548 iuxta
1549 518 1799 550 translationem

297 575 453 609 nostram,
469 570 623 610 quoniam
641 580 699 609 per
715 569 786 600 cola
803 569 942 610 scriptus
959 574 991 600 et
1008 573 1173 600 commata
1192 569 1448 600 manifestiorem
1466 570 1650 610 legentibus
1667 581 1798 601 sensum

296 623 409 653 tribuit
426 621 490 663 (ed.
511 621 597 652 Uall.
616 621 658 659 ix,
675 631 730 661 pp.
749 620 822 661 683,
839 620 935 662 903).’

339 673 547 713 Augustinus
573 673 612 703 de
635 673 784 703 doctrina
812 673 1001 704 Christiana
1028 672 1085 703 IV.
1113 673 1165 708 vii,
1192 673 1247 704 ubi
1279 674 1319 704 de
1351 674 1482 714 eloquio
1510 674 1652 713 apostoli
1680 675 1799 712 scribit,

296 725 412 755 horum
437 726 614 756 uerborum
640 724 894 765 explicationem
920 730 1050 756 tantum
1071 725 1202 765 profert,
1226 725 1319 764 quasi
1343 726 1421 756 artis
1446 726 1625 757 rhetoricae
1649 731 1798 766 partem3

298 787 340 807 ex
363 787 429 817 quo
454 776 526 807 loco
550 776 628 807 nihil
654 777 763 816 colligi
788 781 898 817 potest
922 778 963 807 de
987 777 1163 816 scriptione
1188 776 1368 808 codicum1.
1416 777 1587 817 Speculum
1611 788 1686 808 uero
1710 778 1800 818 quod

298 829 416 859 dicitur
439 829 623 868 Auguslz'm'
645 827 695 869 (ut
719 829 888 869 perspexit
913 829 946 858 P.
973 828 1113 859 Corssen
1140 829 1374 868 Epistularum
1399 834 1459 860 etc.
1482 830 1635 869 spccz'men
1659 829 1799 860 alterum

298 892 353 921 pp.
375 889 413 917 14
429 879 511 921 seq.)
527 881 627 911 etiam
648 881 680 910 in
697 881 796 910 Nouo
817 880 1033 911 Testamento
1053 882 1095 911 ad
1112 881 1242 911 codices
1261 880 1443 911 Bibliorum
1465 881 1559 912 refert
1580 882 1635 921 qui
1653 882 1800 912 uersibus

297 932 487 963 huiusmodi
504 932 615 973 scripti
632 937 729 962 erant.
769 931 861 962 Sicut
877 932 908 962 in
928 932 1042 962 Marco
1060 943 1093 962 x.
1116 941 1223 970 12—14
1241 943 1316 963 cum
1338 933 1489 964 citauerit
1505 936 1511 947 ‘
1525 938 1557 963 et
1574 933 1628 963 alii
1646 933 1800 973 nupserit,

297 983 504 1015 moechatur’
523 984 569 1014 sic
592 984 700 1024 pergit
720 984 784 1013 ‘Et
808 989 885 1023 post
911 984 982 1014 IIII
1007 994 1128 1022 uersus,
1152 983 1257 1015 Sinite
1281 984 1455 1024 paruulos'
1481 990 1541 1015 etc.
1590 984 1748 1016 Similiter
1767 985 1799 1016 in

300 1034 445 1066 Iohanne
461 1036 526 1066 xiv.
542 1044 645 1076 21-—23
664 1040 757 1066 notat
773 1040 839 1066 tres
856 1045 967 1066 uersus
985 1036 1069 1066 inter
1083 1038 1091 1051 ‘
1103 1047 1155 1067 me
1173 1035 1296 1076 ipsum'
1315 1047 1384 1067 esse
1402 1041 1434 1067 et
1450 1039 1456 1051 ‘
1468 1037 1493 1067 si
1511 1037 1583 1076 quis
1601 1036 1707 1078 diligit
1728 1036 1799 1067 me.’

298 1088 335 1118 In
352 1087 495 1118 Actibus
518 1087 598 1118 haec
623 1088 745 1118 citandi
768 1087 853 1118 ratio
877 1098 942 1118 non
967 1093 1114 1128 apparet.
1164 1088 1200 1118 In
1225 1089 1388 1128 Epistulis
1410 1088 1611 1129 frequentior
1630 1095 1688 1125 est,
1704 1099 1797 1129 prae-

296 1140 408 1170 sertim
437 1149 513 1169 cum
541 1139 679 1170 formula
704 1141 797 1179 ‘post
826 1138 965 1179 anCOS,'
994 1140 1046 1170 uel
1076 1142 1171 1179 ‘post
1197 1140 1413 1180 paucissimos
1441 1140 1571 1171 uersus.²
1632 1140 1799 1181 Exempla.

296 1192 434 1222 certiora
454 1196 530 1222 sunt
549 1200 565 1222 2
584 1191 658 1222 Cori
677 1191 716 1221 iv.
738 1192 842 1231 13-16
866 1191 921 1221 ubi
942 1202 1001 1221 sex
1020 1202 1133 1222 uersus
1156 1197 1314 1222 notantur
1333 1192 1417 1223 inter
1434 1193 1540 1232 ‘quod
1563 1197 1595 1223 et
1617 1191 1797 1232 loquimur'

293 1247 327 1273 et
352 1243 509 1283 ‘Propter
535 1243 623 1283 quod
650 1253 714 1273 non
740 1242 928 1273 deficimus'
944 1254 950 1281 ;
967 1248 999 1273 et
1023 1243 1086 1273 viii.
1107 1244 1216 1274 :zi—ix.
1242 1253 1254 1273 1
1282 1254 1402 1274 nouem
1428 1254 1538 1274 uersus
1562 1244 1646 1275 inter
1670 1244 1798 1275 ‘coram

294 1294 500 1326 hominibus’
519 1300 551 1326 et
569 1295 674 1325 ‘Nam
699 1295 740 1325 de
765 1295 975 1332 ministerio';
996 1300 1029 1325 et
1053 1296 1109 1325 xii.
1138 1304 1242 1333 10ffl14
1266 1296 1419 1326 undecim
1445 1296 1529 1326 inter
1552 1298 1684 1337 ‘potens
1708 1294 1799 1326 sum‘

296 1352 329 1378 et
361 1351 453 1378 ‘ecce
484 1346 616 1384 tertio’3
642 1352 675 1377 et
703 1347 770 1377 xiii.
791 1355 869 1385 7—11
901 1357 962 1377 sex
996 1347 1080 1377 inter
1105 1347 1272 1378 ‘faciatis’
1302 1352 1335 1378 et
1363 1348 1437 1378 ‘De
1462 1347 1591 1378 cetero!
1640 1347 1799 1379 Similiter

294 1409 446 1429 uersuum
473 1399 599 1429 numeri
624 1398 852 1439 significantur
877 1399 989 1438 paucis
1014 1399 1094 1429 locis
1121 1409 1164 1429 ex
1192 1399 1351 1439 Epistulis
1377 1399 1468 1430 Pauli
1493 1400 1535 1430 ad
1562 1399 1798 1441 Philippenses,

299 1459 317 1481 2
337 1451 563 1488 Timotheum,
589 1451 769 1486 Hebraeos5
794 1455 826 1480 et
852 1450 1010 1481 Iohannis
1035 1451 1148 1491 prima.
1196 1451 1263 1491 Qui
1288 1461 1442 1482 uersuum
1467 1452 1594 1482 numeri
1619 1462 1692 1482 cum
1719 1452 1798 1483 colis

295 1507 328 1533 et
351 1503 571 1533 commatibus
588 1502 767 1533 Amiatinis
786 1502 851 1532 fere
868 1502 924 1532 sed
947 1513 1012 1532 non
1035 1513 1167 1543 semper
1190 1504 1398 1541 concordant,
1415 1508 1451 1534 ut
1473 1503 1662 1534 resciuimus
1679 1504 1797 1543 partim

293 1565 336 1585 ex
358 1555 534 1585 collatione
554 1560 673 1591 nostra,
691 1554 810 1594 partim
827 1564 870 1584 6)(
896 1554 1012 1584 litteris
1035 1554 1095 1585 uiri
1120 1555 1301 1585 doctissimi
1325 1555 1364 1586 G.
1383 1555 1507 1596 Biaggi,
1526 1553 1797 1586 Bibliothecarii².

298 1605 395 1637 Certe
421 1617 486 1637 non
512 1611 588 1637 sunt
616 1606 796 1636 stichorum
824 1606 958 1642 numeri,
986 1606 1041 1646 qui
1067 1611 1105 1637 ut
1135 1611 1253 1646 postea
1281 1607 1453 1638 docebitur
1478 1612 1600 1638 certam
1629 1607 1795 1647 quandam

296 1658 535 1698 longitudinem
553 1657 685 1688 habent.

336 1710 517 1750 Augustini
542 1709 640 1750 igitur
663 1709 877 1749 temporibus,
894 1709 945 1740 uel
968 1709 1067 1749 paulo
1088 1716 1211 1751 postea,
1230 1711 1364 1742 Nouum
1385 1712 1638 1742 Testamentum
1662 1711 1741 1742 colis
1764 1714 1797 1741 et

293 1762 511 1792 commatibus
535 1761 808 1801 distinguebatur.
856 1762 1027 1801 Speculum
1051 1763 1137 1792 enim
1164 1763 1206 1794 ab
1231 1763 1420 1803 Augustino
1443 1763 1567 1794 ultimis
1594 1763 1681 1794 uitae
1704 1762 1797 1793 annis

294 1813 483 1844 inchoatum
508 1824 527 1843 a
551 1813 717 1853 discipulis
746 1813 814 1844 eius
842 1814 1027 1844 confectum
1054 1815 1225 1845 crediturss.
1273 1815 1371 1846 Certe
1401 1815 1452 1845 hic
1481 1815 1563 1845 liber
1591 1815 1623 1845 in
1648 1814 1797 1845 manibus

294 1865 489 1897 Cassiodorii
507 1871 575 1896 erat
593 1864 643 1907 (de
658 1866 732 1896 inst.
750 1865 817 1896 diu.
835 1865 896 1896 litt.
919 1865 964 1897 16,
982 1866 1066 1896 circa
1086 1874 1159 1897 A.D.
1178 1865 1273 1908 55o);
1298 1872 1330 1898 et
1348 1867 1435 1897 idem
1453 1867 1581 1897 duobus
1604 1866 1635 1896 in
1661 1866 1739 1897 locis
1756 1866 1797 1896 de

297 1917 493 1957 Hieronymi
518 1918 596 1948 colis
619 1922 652 1948 et
676 1918 896 1948 commatibus
920 1917 1042 1948 scribit.
1091 1919 1201 1950 Primo
1226 1918 1280 1961 (z'b.
1305 1918 1427 1960 praef.)
1456 1924 1544 1950 recte
1571 1919 1651 1950 dicit
1678 1918 1797 1948 Hiero-

294 1979 431 2009 nymum
452 1970 484 1999 in
504 1969 738 2009 prophetarum
758 1968 960 2009 praefatione
977 1971 1091 2001 testari
1108 1981 1143 2001 se
1160 1971 1241 2002 colis
1257 1976 1288 2001 et
1307 1971 1527 2002 commatibus
1546 1970 1796 2001 translationem

324 2080 332 2093 ¹
350 2079 517 2111 ‘Agnoscitur
538 2083 562 2103 et
591 2079 658 2103 aliud
685 2080 767 2110 decus,
794 2080 911 2111 quoniam
936 2084 992 2111 post
1128 2086 1215 2113 septem
1247 2085 1419 2105 numerantur
1439 2089 1524 2104 uersus
1548 2080 1624 2104 Hebr.
1646 2080 1677 2104 vi.
1701 2087 1797 2111 13—153

291 2119 374 2150 aliqua
399 2118 604 2149 pronuntiationis
627 2127 688 2142 uoce
713 2119 810 2150 singula
834 2119 910 2148 finita,
929 2127 992 2151 quae
1096 2121 1123 2144 in
1137 2121 1270 2144 Amz'alz'no
1282 2121 1315 2144 sic
1328 2121 1536 2143 diuiduntur:—

290 2158 366 2182 nostri
387 2158 498 2181 membra
518 2162 541 2181 et
562 2166 640 2187 caesa,
664 2158 751 2182 Graeci
773 2162 856 2181 autem
880 2158 946 2180 κῶλα
967 2162 992 2182 et

291 2197 403 2227 κόμματα
421 2201 520 2227 uocant,
538 2198 646 2228 sequitur
665 2197 773 2220 ambitus
797 2197 848 2221 siue
867 2197 993 2226 circuitus,

290 2244 364 2268 quem
384 2235 491 2266 περίοδον
508 2236 545 2259 1111
565 2235 702 2267 appellant,
720 2236 790 2259 cuius
807 2236 919 2259 membra
940 2243 992 2259 sus-

290 2275 432 2307 penduntur
444 2282 504 2298 uoce
516 2275 620 2299 dicentis
632 2275 711 2299 donec
723 2275 814 2298 ultimo
827 2274 942 2298 finiatur!

324 2314 333 2327 ²
351 2315 383 2338 E.
388 2322 415 2345 g.
431 2317 602 2338 numerantur
615 2317 735 2345 quattuor
746 2322 833 2337 uersus
846 2314 874 2337 in
892 2314 993 2345 Speculo

1161 2173 1276 2196 Abrahae
1289 2180 1395 2203 namque
1408 2172 1500 2203 promit

1193 2215 1246 2235 tens
1259 2211 1287 2235 ds

1161 2250 1278 2281 quoniam
1291 2250 1414 2274 neminem
1428 2250 1516 2273 habuit

1193 2297 1237 2320 per
1248 2297 1321 2320 quem
1333 2289 1423 2312 iuraret
1435 2289 1555 2312 maiorem

1161 2328 1251 2351 iurabit
1263 2336 1305 2359 per
1317 2331 1392 2352 semet
1404 2328 1486 2359 ipsum

292 2353 369 2377 Hebr.
388 2353 419 2377 iv.
436 2359 484 2383 15,·
508 2353 535 2376 in
558 2353 691 2376 Amiatino
715 2353 790 2376 codice
812 2353 846 2376 sic
868 2353 991 2376 diuidun-
1193 2367 1278 2390 dicens

291 2396 385 2416 tur:—
1162 2407 1209 2429 nisi
1222 2407 1367 2430 benedicens
1380 2405 1523 2433 benedicam
1534 2409 1558 2429 te

358 2438 417 2461 Non
429 2437 493 2461 enim
502 2437 621 2461 habemus
633 2437 676 2469 qui
688 2445 736 2461 non
749 2437 827 2469 possit
838 2437 992 2468 (pontificem
1161 2448 1185 2469 et
1198 2445 1367 2476 multiplicans
1380 2445 1551 2476 multiplicabo
1563 2447 1587 2468 te

422 2476 562 2507 supplt'lum
570 2479 627 2507 2505!
638 2476 768 2507 habemus)
1162 2488 1185 2508 et
1199 2485 1233 2508 sic
1245 2484 1419 2515 longanimiter
1431 2484 1509 2507 ferens

389 2515 490 2546 conpati
502 2515 686 2539 infirmitatibus
1194 2524 1298 2555 adeptus
1311 2527 1346 2547 est
1359 2523 1572 2555 repromissionem

389 2554 480 2578 nostris

1128 2575 1136 2588 ³
1156 2576 1220 2600 Uide
1244 2575 1281 2599 ed.
1303 2574 1430 2599 'Weihrich
1457 2574 1564 2606 (sersus
1590 2582 1637 2598 srr.
1660 2574 1712 2598 eccl.
1738 2575 1795 2600 Lat.

357 2596 503 2625 temptatum
516 2595 599 2616 autem
610 2601 654 2624 per
665 2593 749 2617 omnia
1097 2615 1143 2638 uol.
1157 2614 1201 2645 xii)
1216 2615 1291 2646 praefi
1306 2622 1329 2646 P-
1340 2615 1400 2638 xiiii·

389 2640 434 2663 pro
447 2631 657 2663 similitudinem)
671 2632 762 2663 absque

390 2675 492 2702 peccato
