2209 3147
609 274 673 302 DE
696 273 972 302 HIERONFMI
995 275 1245 304 CODICJBUS
1271 277 1481 307 GRAECIS.
1728 280 1790 319 659

292 366 418 397 Latinis
453 366 621 396 codicibus
659 367 809 397 additum
848 371 896 397 est
932 377 1029 406 neque
1058 367 1163 407 filias,
1199 378 1300 408 quum
1341 369 1372 399 in
1408 369 1540 400 Graecis
1577 375 1609 401 et
1645 371 1791 402 maxime

291 418 483 448 Adamantii
516 423 547 448 et
580 418 673 447 Pierii
705 418 951 457 exemplaribus
986 419 1048 449 hoc
1080 429 1145 449 non
1177 420 1337 450 habeatur
1368 421 1587 461 adscriptum:
1627 423 1684 452 sed
1716 423 1793 462 quia

291 470 323 500 in
355 469 517 500 nonnullis
548 469 675 508 iegitur,
707 470 933 500 disserendum
966 469 1113 501 uidetu1·.'
1163 471 1224 501 Per
1251 472 1301 501 ‘in
1334 472 1517 510 nonnullis‚'
1551 474 1712 504 credimus
1740 476 1792 504 ‘et

291 520 423 551 Graecis
450 525 482 551 et
510 519 655 551 Latinis'
685 520 929 560 Hieronymum
958 522 1111 560 uoluisse,
1140 528 1172 553 et
1204 523 1249 553 sic
1274 523 1439 554 Westcott
1470 529 1502 555 et
1537 525 1624 555 Hort
1656 526 1696 555 ad
1729 526 1792 556 loc.

291 571 485 611 colligimus
523 572 597 602 ideo
637 583 679 602 ex
718 572 780 603 hoc
820 572 892 603 loco
932 573 1147 604 ‘Adamantii
1186 579 1218 605 et
1258 575 1352 605 Pierii
1388 575 1609 615 exemplaria,’
1642 588 1726 617 quae
1762 578 1793 608 in

290 623 450 654 Caesarea
478 613 720 663 Hieronymum
748 625 869 655 uidisse
897 625 1071 656 uerisimile
1100 630 1158 663 est,
1186 637 1205 657 a
1233 627 1338 657 tribus
1366 627 1428 658 illis
1456 638 1540 667 quos
1568 629 1670 659 critici
1699 629 1792 660 hodi-

288 675 355 705 erni
390 674 472 705 tanti
508 676 692 712 aestimant,
727 675 897 713 Sinaitico,
934 677 1108 714 Uaticano,
1142 683 1173 708 et
1211 678 1483 718 Cantabrigiensi‚
1521 680 1649 711 diuersa
1684 680 1793 711 fuisse.

288 726 356 757 Sed
394 736 468 757 curn
506 726 569 757 hoc
607 727 702 757 unico
741 727 812 758 loco
851 728 1054 768 exemplaria
1092 729 1154 760 ista
1193 730 1350 766 citauerst,
1386 731 1443 761 uix
1479 732 1641 762 credimus
1678 743 1716 762 ea
1750 733 1791 763 ad

288 788 403 808 manus
438 778 507 808 uiro
542 784 654 809 nostro
689 784 849 819 perpetuo
885 779 994 810 fuisse.
1057 781 1147 811 Citat
1182 782 1283 812 etiam
1319 782 1541 823 ‘exemplaria
1580 783 1792 814 Adamantii’

286 829 318 859 in
348 830 592 860 commentariis
623 831 666 861 ad
700 831 835 862 Galatas
863 832 903 862 iii.
934 842 945 861 1
976 830 1115 872 (scriptis
1140 840 1173 863 A.
1186 840 1219 863 D.
1247 832 1324 874 387)
1353 834 1509 874 ‘Legitur
1535 835 1566 865 in
1595 836 1792 875 quibusdam

286 881 453 912 codicibus
477 883 549 921 quis
574 893 630 913 uos
647 883 836 922 fascinauit
859 894 920 914 non
945 885 1071 915 credere
1096 885 1259 916 ueritati?
1317 885 1382 916 Sed
1411 887 1481 924 hoc,
1509 887 1586 927 quia
1614 888 1646 917 in
1678 898 1792 918 exem-

286 932 431 972 plaribus
463 933 659 964 Adamantii
695 945 760 965 non
792 935 942 973 habetur,
973 935 1163 967 omisimus.'
1226 937 1318 967 Haec
1353 943 1465 968 autem
1499 939 1599 969 uerba
1634 939 1792 970 omittunt

285 985 384 1015 etiarn
410 985 475 1022 NB,
500 985 546 1016 ita
569 990 605 1016 ut
629 996 739 1016 rursus
768 987 799 1016 in
824 987 1065 1018 dubitationem
1090 994 1331 1019 conuertamur.
1379 989 1522 1020 Multum
1551 990 1595 1020 ibi
1623 991 1792 1022 codicibus

286 1036 571 1076 Origenistribuit
598 1038 828 1078 Hieronymus
853 1043 889 1069 ut
913 1041 1159 1080 expectandum
1185 1046 1262 1077 erat,
1282 1041 1339 1071 sed
1365 1052 1420 1072 cur
1444 1052 1509 1072 non
1533 1043 1611 1073 citat
1634 1043 1791 1082 saepius?

284 1088 341 1118 An
376 1089 575 1120 credendum
615 1095 664 1120 est
700 1090 792 1121 illum
826 1090 887 1121 hos
924 1091 1013 1123 locos
1049 1098 1189 1130 tantum,
1222 1092 1274 1123 uel
1314 1103 1371 1132 per
1406 1104 1440 1124 se
1476 1093 1527 1124 uel
1567 1105 1624 1134 per
1658 1095 1792 1132 amicos,

285 1139 489 1180 inspexisse?
536 1141 581 1172 Et
609 1152 665 1172 cur
690 1143 804 1173 ‘Pierii
832 1143 1053 1184 exemplaria'
1081 1144 1183 1175 semel
1214 1149 1344 1176 tanturn
1373 1145 1476 1176 citat?
1524 1146 1579 1176 An
1610 1146 1792 1187 Euangelia

283 1196 412 1223 tantum
437 1193 672 1224 continebant?

417 1295 574 1327 TABULA
599 1296 643 1327 II.
690 1296 782 1327 Loci
808 1304 857 1327 Ex
882 1304 979 1329 ALns
1004 1305 1291 1329 COMMENTARHS
1316 1305 1362 1329 ET
1387 1305 1654 1331 TRACTATIBUS.

328 1362 457 1394 Similes
481 1364 675 1395 exoriuntur
702 1366 913 1404 quaestiones
941 1367 967 1397 si
998 1371 1159 1398 tractatus
1188 1367 1269 1397 alios
1298 1367 1519 1408 inspiciamus,
1544 1369 1598 1399 ubi
1628 1370 1669 1400 de
1696 1374 1791 1400 textu

284 1413 410 1445 Graeco
445 1415 640 1455 disputatur.
712 1416 871 1448 Ueterum
912 1418 1088 1449 latinorum
1126 1419 1281 1449 minutias
1321 1419 1353 1449 in
1393 1419 1442 1450 his
1480 1420 1601 1451 tabulis
1640 1421 1791 1453 consulto

282 1465 497 1506 negleximus

350 1524 386 1553 (Ι)
406 1524 505 1548 Eminet
522 1525 584 1548 inter
596 1525 659 1549 alios
676 1525 744 1549 loeus
756 1530 841 1550 contra
854 1528 936 1558 Pelag.
951 1529 975 1551 ii.
990 1535 1019 1559 15
1033 1529 1075 1551 ubi
1088 1537 1116 1552 ex
1129 1528 1311 1559 exemplaribus
1326 1529 1473 1560 quibusdam
1489 1532 1512 1552 et
1528 1530 1633 1554 maxime
1649 1538 1678 1554 ex
1691 1531 1792 1555 Graecis

478 1563 605 1588 codicibus
624 1564 755 1596 pericopen
772 1565 803 1589 de
824 1573 939 1597 responsu
958 1567 1061 1590 Domini
1080 1571 1135 1598 post
1153 1567 1352 1591 resurrectionem
1372 1567 1438 1595 citat.
1456 1568 1518 1591 alias
1538 1568 1648 1598 ignotam
1658 1570 1790 1600 z—(Marc.

477 1603 526 1626 xvi.
540 1603 579 1633 14)
592 1603 636 1626 ‘In
649 1604 797 1635 quibusdam
810 1605 990 1635 exemplaribus
1003 1610 1026 1629 et
1037 1606 1143 1629 maxime
1156 1606 1180 1629 in
1194 1606 1286 1636 graecis
1299 1606 1425 1629 codicibus
1438 1606 1505 1629 iuxta
1519 1607 1630 1630 Marcum
1643 1608 1668 1631 in
1681 1608 1728 1632 fine
1740 1609 1791 1632 eius

477 1642 599 1672 euangelii
611 1642 725 1665 scribitur
732 1646 816 1673 posita
825 1651 902 1673 quum
915 1644 1083 1668 arczcbuisscnl
1094 1645 1207 1668 undem'm
1220 1645 1341 1675 apparuit
1352 1645 1386 1668 eis
1399 1645 1462 1668 iesus
1473 1648 1495 1668 ct
1507 1646 1666 1676 exprobrauit
1678 1648 1791 1670 incredu-

477 1680 571 1704 litatem
590 1684 612 1704 εἰ
629 1681 754 1704 duritiam
772 1682 851 1705 sordis
868 1691 951 1705 corum
970 1683 1030 1714 quia
1049 1683 1088 1706 his
1102 1683 1149 1714 qui
1164 1683 1283 1706 uiderant
1299 1692 1355 1706 enm
1374 1688 1538 1714 resurgtlllelll
1558 1693 1607 1707 non
1625 1686 1790 1710 crediderunt.

477 1720 512 1742 Et
525 1720 568 1743 illi
577 1720 761 1751 satiffariehant
771 1720 876 1744 dicentes
887 1723 1012 1745 saeculum
1028 1722 1098 1746 istud
1112 1723 1258 1753 iniquitatis
1271 1726 1293 1745 et
1311 1723 1494 1746 z'ncrcdulitalis
1506 1724 1646 1747 substantia
1660 1725 1725 1753 (cod.
1740 1730 1790 1749 uat.

475 1758 520 1781 suh
531 1760 630 1787 satana)
645 1763 679 1782 est
694 1767 756 1789 quae
772 1767 820 1782 non
837 1760 901 1782 sinit
913 1764 961 1791 per
977 1761 1117 1784 immundos
1134 1761 1239 1792 spiritus
1257 1769 1344 1784 ueram
1362 1761 1403 1784 dez·
1418 1762 1570 1793 apprehendi
1584 1763 1713 1787 uirtutem.
1748 1765 1789 1788 ld-

475 1797 537 1820 cz'rco
559 1798 610 1820 iam
632 1805 699 1821 nunc
717 1798 799 1821 reuda
820 1798 946 1822 z'uslz'lz'am
965 1798 1049 1822 lmzm’
1070 1800 1138 1829 (uide
1157 1800 1245 1828 Resch,
1264 1800 1392 1831 Agrapm
1411 1808 1434 1831 p.
1449 1801 1496 1831 456
1517 1801 1541 1824 in
1564 1802 1588 1824 T
1585 1805 1638 1825 exte
1660 1810 1684 1826 u.
1701 1803 1790 1826 Lf'lzlcr-

475 1837 618 1867 suclnmgm
636 1845 657 1860 v.
671 1838 705 1867 4).

347 1880 383 1912 (2)
401 1881 429 1904 In
438 1881 519 1912 Epist.
532 1887 576 1912 527
586 1882 621 1905 ad
627 1882 784 1913 Principiam
797 1882 823 1914 (i.
834 1891 857 1913 p.
869 1884 926 1913 949)
939 1884 999 1906 citat
1010 1885 1016 1896 ‘
1024 1884 1123 1914 antiqua
1133 1884 1281 1915 exemplaria
1291 1883 1296 1893 ‘
1310 1892 1355 1915 pro
1369 1884 1473 1909 lectione
1484 1886 1608 1916 ‘quotidie
1616 1885 1622 1895 ’
1636 1886 1696 1911 Luc.
1706 1887 1738 1912 ix.
1751 1894 1788 1919 23,

475 1928 537 1952 quae
549 1924 615 1944 extat
627 1921 651 1944 in
665 1921 736 1944 codd.
750 1921 784 1945 Ν*
797 1922 816 1937 ⁹²
827 1920 849 1936 ⁰¹¹
859 1921 917 1937 ⁰³¹⁶ss
930 1923 1123 1947 ABKLMREH
1138 1930 1158 1947 1.
1175 1930 1210 1953 13.
1225 1930 1264 1953 33.
1277 1923 1316 1954 69.
1332 1929 1369 1954 72.
1385 1930 1438 1954 ¹²4-
1455 1931 1497 1953 131
1513 1924 1608 1956 etfvg.

345 1965 383 1997 (3)
401 1966 467 1989 Adu.
482 1966 566 1989 lorcin.
579 1967 604 1990 ii.
620 1973 648 1997 19
660 1975 688 1990 ex
702 1967 761 1990 Luc.
774 1967 839 1991 xviii.
854 1974 884 1996 30
897 1967 955 1991 citat
968 1971 972 1980 ‘
983 1968 1060 1991 multo
1067 1968 1146 1999 plura
1159 1969 1184 1991 id
1196 1972 1231 1992 est
1248 1967 1310 1991 πολὺ
1328 1968 1455 1997 πλείονα’;
1473 1970 1515 1993 ubi
1530 1970 1617 1994 Graeci
1631 1979 1715 1995 omnes
1728 1980 1789 2003 quos

473 2005 645 2036 cognoscimus
657 2005 749 2029 habent
766 2006 977 2031 πολλαπλασίονα.
1014 2007 1071 2031 Hoc
1090 2012 1154 2031 certe
1167 2008 1239 2038 lapsu
1252 2008 1384 2032 memoriae
1400 2012 1481 2039 potest
1498 2009 1628 2040 explicaxi;
1647 2011 1690 2034 sed
1707 2011 1788 2035 forsan

474 2052 557 2067 ueram
570 2045 714 2068 uarietatem
727 2050 910 2070 commemorat.

344 2089 380 2119 (4)
404 2089 496 2112 Contra
514 2089 564 2114 Pel.
583 2090 608 2113 ii.
625 2089 652 2113 16
671 2098 700 2113 ex
717 2090 776 2113 Luc.
796 2090 855 2114 xxii.
875 2098 916 2121 43,
932 2098 964 2121 44
982 2091 1063 2115 scribit
1085 2092 1130 2115 ‘In
1151 2092 1297 2123 quibusdam
1318 2093 1501 2124 exemplaribus
1524 2098 1575 2116 tam
1599 2095 1691 2125 graecis
1714 2103 1787 2126 quam

472 2128 555 2152 latinis
578 2129 700 2152 inuenitur
720 2130 840 2153 scribente
859 2130 927 2153 Luca
945 2130 1066 2161 apparuit
1089 2131 1131 2154 illi
1147 2131 1250 2161 angelus
1273 2131 1301 2154 de
1321 2132 1383 2155 caelo
1403 2132 1542 2162 [wlfartatzs
1564 2132 1635 2155 eum'
1656 2137 1697 2157 etc.
1721 2138 1787 2165 (post

473 2168 609 2191 orationem
628 2168 652 2191 in
671 2168 857 2198 Gethsemane).
893 2170 997 2193 Constat
1013 2178 1071 2201 ergo
1086 2170 1266 2200 Hieronymum
1282 2171 1312 2194 de
1327 2171 1436 2194 uersibus
1454 2171 1506 2194 istis
1521 2171 1646 2196 dubitasse
1661 2176 1685 2196 et
1699 2174 1786 2198 absunt

472 2207 497 2230 in
511 2207 612 2230 NflBRT
625 2211 648 2230 et
665 2208 689 2230 in
697 2207 809 2238 ssolum
830 2216 859 2231 ex
872 2208 964 2231 Latinis
981 2209 1023 2239 qui
1036 2213 1125 2232 extant.
1163 2209 1220 2232 Hoc
1237 2209 1405 2233 testimonium
1424 2210 1535 2233 adhiberi
1553 2214 1632 2241 potest
1650 2215 1675 2235 ut
1694 2212 1786 2236 codicis

472 2246 580 2269 Brixiani
593 2246 699 2278 pretium
712 2247 907 2270 demonstremus
921 2247 989 2277 tuide
1002 2248 1064 2271 infra
1076 2256 1100 2278 p.
1114 2247 1182 2278 671).

343 2291 382 2322 (5)
401 2292 493 2315 Conlra
512 2292 564 2315 Pel.
582 2292 607 2314 ii.
623 2297 666 2322 17:
686 2292 732 2315 ‘In
752 2292 883 2323 euangelio
904 2292 1038 2315 secundum
1057 2293 1192 2316 Iohannem
1213 2292 1265 2322 (vii.
1284 2293 1383 2323 53—viii.
1399 2295 1438 2323 12)
1460 2294 1484 2317 in
1504 2294 1589 2318 multis
1609 2298 1632 2318 et
1651 2296 1744 2326 graecis
1761 2301 1785 2320 et

471 2330 556 2354 latinis
572 2330 699 2354 codicibus
715 2331 837 2354 inuenitur
852 2331 883 2354 de
900 2331 1011 2354 adultera
1029 2332 1128 2355 muliere
1145 2339 1207 2363 quae
1225 2336 1339 2355 accusata
1356 2336 1391 2356 est
1410 2333 1475 2363 apud
1494 2333 1645 2357 Dominum.’
1682 2334 1720 2357 De
1736 2343 1784 2366 quo

472 2369 528 2393 loco
540 2369 623 2393 confer
635 2369 746 2393 notulam
758 2374 882 2394 nostram:
902 2378 951 2393 non
964 2370 1068 2394 habetur
1081 2371 1104 2394 in
1122 2379 1137 2393 a
1150 2371 1200 2401 b⁰f
1209 2371 1276 2401 (uide
1288 2379 1312 2401 p.
1325 2371 1384 2401 671)
1398 2371 1422 2394 lk
1433 2380 1447 2402 q
1461 2373 1505 2401 (δ).

343 2413 379 2445 (6)
400 2414 432 2437 In
445 2414 514 2437 Ezec.
527 2415 575 2437 xiv.
588 2414 618 2445 46
635 2423 665 2438 ex
683 2415 736 2438 Ioh.
752 2423 773 2438 Χ.
790 2414 818 2438 16
832 2417 838 2427 ‘
851 2415 886 2438 Et
903 2415 968 2438 alias
982 2423 1037 2438 oues
1055 2415 1126 2439 liabeo
1144 2424 1205 2446 quae
1223 2424 1272 2439 non
1290 2419 1351 2439 szmt
1367 2424 1398 2439 ex
1410 2417 1451 2440 hoc
1468 2417 1533 2440 atrio
1547 2436 1552 2440 .
1567 2435 1573 2441 .
1586 2436 1591 2440 .
1604 2421 1627 2441 ct
1634 2417 1685 2448 fiet
1702 2427 1783 2443 mmm

471 2453 567 2476 atrium
588 2457 610 2476 et
631 2461 698 2476 unus
715 2457 818 2485 pastor:
843 2454 890 2477 hoc
909 2454 973 2477 enim
991 2462 1077 2485 graece
1095 2454 1156 2484 αὐλή
1176 2455 1306 2485 significat,
1326 2456 1392 2486 quod
1412 2456 1488 2479 latina
1509 2456 1654 2487 simplicitas
1675 2458 1698 2480 in
1719 2459 1784 2482 anile

473 2491 612 2516 transtulit)
646 2492 694 2516 Sed
714 2493 802 2516 Graeci
824 2501 909 2517 onmes
930 2493 1014 2524 legunt
1035 2493 1062 2516 ἐκ
1082 2493 1124 2522 τῆς
1142 2494 1217 2522 αὐλῆς
1236 2494 1323 2524 ταύτης
1341 2513 1347 2518 .
1367 2513 1373 2519 .
1393 2514 1398 2519 .
1417 2494 1456 2517 καὶ
1474 2494 1605 2524 ’γενήσεται
1625 2495 1667 2524 μία
1688 2496 1782 2527 ποίμνη,

470 2535 494 2554 et
507 2531 589 2554 Latini
601 2535 693 2555 ueteres
709 2532 758 2563 (ex)
772 2531 814 2555 lzoc
829 2532 895 2555 ouili
909 2532 948 2555 uel
964 2533 1030 2555 atrio
1043 2551 1047 2556 .
1064 2551 1068 2556 .
1083 2551 1089 2556 .
1102 2536 1124 2556 et
1132 2533 1181 2564 fiet
1194 2541 1260 2556 unus
1275 2534 1348 2564 (lma)
1359 2542 1424 2564 grex
1436 2534 1474 2557 uel
1488 2534 1586 2558 similia.
1617 2535 1782 2567 Hieronymus

471 2578 530 2601 ergo
547 2570 672 2594 codicibus
685 2571 797 2594 utebatur
809 2571 850 2602 qui
867 2571 942 2600 αὐλῆς
954 2575 977 2595 et
989 2570 1030 2600 μία
1041 2571 1104 2601 αὐλή
1118 2571 1177 2602 (non
1194 2570 1234 2600 μία
1247 2572 1344 2602 ποίμνη)
1363 2573 1487 2603 legebant,
1505 2574 1617 2604 quamuis
1633 2574 1694 2598 alias
1710 2576 1782 2599 nobis

471 2610 548 2640 ignoti
569 2609 623 2633 sint.
665 2609 771 2633 Codices
790 2610 854 2633 enim
876 2610 968 2641 uulgati
990 2618 1073 2634 omnes
1092 2619 1122 2634 cx
1142 2610 1183 2633 hoc
1203 2611 1268 2633 ouili
1286 2631 1290 2635 .
1310 2630 1314 2634 .
1335 2631 1339 2635 .
1358 2615 1380 2634 et
1395 2612 1443 2642 fiet
1466 2620 1546 2635 mmm
1571 2613 1635 2636 om'le
1659 2613 1780 2638 exhibent.

470 2649 561 2671 Confer
578 2648 689 2672 notulam
708 2653 816 2672 nostram
835 2649 865 2672 ad
884 2650 930 2672 loc.
