2209 3147
374 240 436 277 684

663 334 722 356 l'ar.
741 334 787 356 La!
808 333 839 357 6’.

414 390 489 408 noua
505 387 532 409 et
548 388 643 409 uetera
658 403 663 408 .
677 387 703 409 et
720 391 816 409 nonne
833 381 878 410 hic
894 388 935 410 est
949 381 1019 410 fabri
1033 382 1122 410 filius.

413 434 440 456 et
456 428 598 465 propheta
613 428 674 456 sine
692 428 802 456 honore
818 429 845 456 in
863 430 955 466 patria
972 438 1031 457 sua.

372 522 467 549 XLII.
494 522 538 550 De
566 522 700 550 iohannis
723 523 817 559 capite
848 524 876 550 in
906 523 987 551 disco
1011 546 1016 551 .
1039 529 1066 550 et
1089 523 1123 550 de

412 569 541 606 quinque
564 570 688 606 panibus
710 574 737 597 et
761 569 875 598 duobus
897 570 1024 607 piscibus
1040 570 1123 607 quin-

412 625 468 653 que
484 616 561 643 milia
577 616 705 644 uirorum
722 617 838 645 satiatis.

370 662 432 690 XL.
449 663 484 690 iii.
508 662 566 691 Ubi
586 663 630 691 ihs
651 672 738 700 super
756 673 835 692 mare
853 664 981 692 ambulat
1002 687 1007 692 .
1028 669 1055 692 et
1074 673 1123 701 pe-

411 715 486 737 trum
502 716 682 747 mergentem
699 711 800 740 eleuat.

369 755 432 784 XL.
450 756 496 784 iiii.
519 757 553 784 In
570 763 643 784 terra
658 767 795 794 genessar
810 759 854 786 ihs
873 759 978 787 multos
995 758 1122 786 curauit.

410 803 459 840 qui
490 804 632 840 rogabant
662 809 691 832 ut
716 805 762 832 uel
792 805 934 833 fimbriam
960 805 1123 833 uestimenti

410 851 471 878 eius
487 855 645 887 tangerent.

370 897 463 925 XLV.
487 897 532 925 De
555 899 691 926 manibus
713 908 773 927 non
796 899 861 927 lotis
878 922 883 927 .
900 904 927 928 et
949 900 997 936 qui
1020 900 1123 927 dixerit

409 945 483 981 patri
498 945 545 972 uel
561 945 643 973 matri
659 955 766 974 munus
778 947 955 984 quodcfique
970 968 975 973 .
988 952 1014 975 et
1029 946 1123 975 omnis

410 992 557 1029 plantacio
570 1002 658 1030 quam
671 1002 731 1022 non
743 993 881 1030 plantauit
893 999 973 1031 pater
985 1016 990 1021 .
1002 999 1030 1022 et
1042 994 1123 1021 sinite

410 1039 473 1067 illos
490 1039 551 1067 ceci
567 1045 633 1067 sunt
646 1040 735 1068 duces
747 1050 883 1068 cecomm
897 1063 902 1069 .
914 1046 942 1068 et
956 1050 1012 1077 que
1025 1041 1060 1068 de
1073 1049 1123 1068 ore

410 1091 517 1114 exeunt
533 1109 539 1115 .
555 1086 601 1114 illa
617 1087 830 1124 quoinquinant
846 1087 1005 1115 hominem.

369 1132 477 1161 XLVI.
510 1133 559 1161 Ins
585 1134 711 1162 mulieris
734 1144 882 1163 cananeae
905 1135 994 1163 filiam
1017 1144 1033 1162 a
1056 1135 1123 1163 dae-

409 1181 510 1209 monio
526 1181 626 1208 liberat
642 1187 669 1209 et
686 1191 769 1209 secus
785 1191 863 1209 mare
883 1182 1001 1218 galileae
1017 1182 1123 1210 multos

410 1227 529 1256 claudos
546 1237 631 1256 cecos
646 1234 673 1256 et
689 1229 798 1257 debiles
814 1235 902 1257 curat.

369 1274 447 1302 XLa.
463 1275 508 1302 vii.
531 1275 576 1303 De
597 1281 709 1312 septem
730 1276 855 1312 panibus
876 1282 903 1304 et
923 1277 1023 1314 paucis
1039 1277 1122 1314 pisci-

410 1322 464 1350 bus
480 1322 509 1349 in
525 1327 660 1358 quattuor
675 1323 753 1350 milia
769 1323 921 1351 hominum
937 1346 944 1352 .
963 1328 991 1351 et
1007 1324 1123 1352 saducei

409 1375 437 1397 et
459 1368 584 1406 pharisei
605 1369 720 1406 signum
743 1375 845 1407 petunt
867 1371 903 1398 ab
926 1371 974 1399 ihu
994 1394 999 1399 .
1018 1371 1123 1408 quibus

409 1416 449 1444 ait
465 1438 471 1444 .
486 1415 589 1444 faciem
610 1417 680 1444 caeli
702 1418 793 1445 nostis
814 1418 936 1454 probare
952 1441 957 1446 .
975 1423 1002 1446 et
1023 1424 1123 1446 cauete

410 1472 427 1491 a
443 1463 586 1491 fermento
602 1464 810 1500 phariseorum.

369 1509 448 1539 XLfl.
463 1510 518 1537 viii.
541 1510 590 1538 Ins
607 1510 763 1548 discipulos
783 1511 937 1548 interrogat
953 1521 1040 1549 quem
1056 1521 1123 1540 eum

410 1557 511 1585 dicunt
535 1566 616 1585 aesse
641 1557 775 1586 homines
795 1581 800 1586 .
820 1564 847 1586 et
869 1558 904 1586 de
927 1559 1123 1596 apostolatum

410 1605 481 1642 petri
501 1613 588 1641 super
608 1610 719 1641 petram
735 1627 741 1633 .
757 1610 785 1633 et
808 1606 876 1633 dicit
899 1606 935 1633 ad
959 1616 1025 1634 eum
1049 1607 1123 1635 uade

409 1657 474 1689 post
490 1661 536 1679 me
553 1651 705 1679 sathanan.

369 1838 449 1867 XLa.
465 1838 530 1866 viii1.
554 1839 612 1867 Ubi
635 1839 668 1867 hs
687 1839 753 1868 dicit
776 1839 798 1867 si
821 1840 886 1876 quis
906 1841 967 1868 uult
989 1848 1054 1878 post
1076 1851 1122 1869 me

410 1887 508 1914 uenire
524 1886 605 1914 tollat
621 1896 735 1915 crucem
749 1896 829 1914 suam
842 1909 848 1915 .
859 1888 928 1924 quid
943 1889 1020 1916 enim
1036 1889 1122 1926 prod-

410 1939 453 1962 est
485 1934 595 1962 homini
628 1935 650 1961 si
679 1934 822 1962 mundum
852 1935 975 1963 lucretur
1009 1958 1014 1963 .
1048 1936 1122 1964 filius

410 1983 488 2010 enim
511 1981 639 2009 hominis
655 1987 792 2010 uenturus
808 1987 850 2010 est
872 1983 901 2010 in
923 1983 1013 2019 gloria
1034 1984 1121 2020 patris

412 2029 455 2057 sui
471 2029 590 2057 reddere
607 2029 764 2066 unicuique
780 2035 864 2066 prout
879 2030 975 2066 gessit.

371 2122 403 2151 L.
427 2122 473 2151 De
489 2123 703 2161 glorificacione
718 2123 767 2151 ihu
783 2124 812 2151 in
827 2129 926 2152 monte
941 2146 946 2151 .
959 2130 986 2152 et
1002 2124 1122 2153 descen-

411 2170 483 2199 dens
506 2180 629 2208 puerum
656 2171 812 2199 lunaticum
836 2176 942 2199 sanat.
962 2176 989 2200 et
1010 2172 1077 2200 dicit
1100 2173 1122 2201 si

411 2219 547 2246 abueritis
563 2218 651 2246 fidem
667 2218 740 2246 sicut
760 2227 883 2255 granum
899 2219 1005 2255 sinapis
1021 2240 1027 2246 .
1043 2225 1071 2247 et
1086 2220 1122 2248 de

411 2275 463 2294 sua
477 2265 611 2303 passione
627 2265 742 2293 indicat.

1031 242 1062 269 E
1062 241 1113 268 Pl
1114 240 1140 267 L
1146 240 1203 269 OG
1211 240 1271 268 ΝΕ.

1476 334 1550 357 Harl.
1567 340 1637 364 2790.

1178 523 1256 551 XLI.
1286 523 1331 551 De
1357 523 1406 551 ioh
1432 525 1525 560 capite
1549 525 1664 551 absciso
1686 529 1714 551 et
1740 524 1774 551 de
1801 524 1929 560 quinque

1218 571 1341 606 panibus
1357 571 1384 597 in
1400 571 1530 608 quinque
1545 570 1698 601 hominum
1714 570 1840 599 milibus.

1176 663 1271 691 XLII.
1298 664 1347 692 Ihs
1372 664 1525 692 ambulans
1555 673 1639 701 super
1664 673 1756 701 aquas
1782 669 1868 692 nocte
1894 664 1931 691 ad

1217 710 1373 747 discipulos
1389 712 1477 739 uenit.

1176 756 1287 786 XLIII.
1325 758 1360 785 In
1392 763 1466 786 terra
1503 767 1709 794 gerasenorum
1744 757 1858 795 plurimi
1894 759 1932 785 ab

1218 804 1351 833 firmitate
1367 810 1516 833 sanantur.

1176 898 1304 927 XLIIII.
1327 899 1373 927 De
1388 899 1522 928 manibus
1538 908 1596 928 non
1615 899 1679 927 lotis
1695 905 1723 927 et
1742 899 1931 936 responsione

1217 946 1273 974 ihu.

1177 1135 1269 1164 XLV.
1292 1136 1336 1165 De
1360 1137 1486 1165 mulieris
1510 1137 1637 1165 chaneae
1661 1136 1719 1164 filia
1738 1146 1755 1164 a
1775 1136 1931 1165 daemonio

1217 1184 1374 1212 liberatam.

1176 1278 1283 1306 XLVI.
1308 1278 1353 1306 De
1374 1284 1483 1315 septem
1505 1279 1630 1315 panibus
1653 1278 1682 1305 in
1698 1284 1835 1315 quattuor
1853 1277 1930 1305 milia.

1216 1325 1377 1353 hominum.

1176 1372 1300 1400 XLVII.
1324 1372 1370 1401 De
1385 1372 1542 1410 pharisaeis
1554 1372 1760 1409 quaerentibus
1772 1372 1885 1408 signum
1901 1378 1930 1399 et

1217 1429 1375 1457 eorumque
1393 1420 1616 1457 cauendumque
1632 1419 1815 1447 fermentum.

1176 1514 1316 1542 XLVIII.
1340 1514 1530 1551 Interrogatio
1551 1513 1599 1542 ihu
1621 1514 1754 1551 quisnam
1777 1522 1793 1541 a
1815 1513 1931 1550 populis

1217 1561 1261 1590 ue]
1299 1562 1335 1590 ab
1372 1561 1510 1599 apostolis
1543 1561 1648 1589 diceret
1686 1569 1767 1588 suam
1797 1560 1930 1588 uidelicet

1218 1609 1331 1637 socians
1347 1609 1522 1646 passionem.

1175 2125 1330 2154 XLVIIII.
1362 2125 1613 2162 Transfiguratum
1638 2126 1666 2153 in
1691 2130 1820 2153 montem
1843 2124 1926 2152 disci-

1217 2173 1290 2210 pulis
1309 2178 1337 2201 et
1358 2183 1375 2201 a
1394 2173 1549 2201 daemonio
1563 2181 1685 2209 puerum
1703 2172 1803 2200 liberat
1823 2171 1927 2198 lunati-

1215 2230 1289 2249 cum.

1175 2268 1208 2296 L.
1232 2268 1341 2296 Iterum
1366 2267 1512 2304 discipulis
1534 2275 1616 2295 suam
1642 2265 1806 2304 passionem
1833 2274 1926 2293 resur-

404 2551 525 2575 XLVIIl.
548 2553 736 2580 apostolatum
747 2562 752 2576 z
782 2554 952 2585 apostolorum
974 2557 1002 2576 ut
1020 2554 1122 2576 uidetur

373 2594 429 2620 mp.
442 2591 484 2613 scd
493 2599 553 2613 corr.

405 2629 539 2654 XLVIIII.
557 2632 613 2654 Ubi
624 2631 659 2654 hs
671 2631 707 2655 ita
719 2632 798 2655 [odiar.
