2258 3157
394 319 505 350 περ.

239 370 376 407 magister
400 380 506 408 sequar
528 376 556 400 te
584 377 611 400 et
639 372 696 401 alio

237 416 309 444 dixit
331 417 374 445 ihs
395 426 514 455 sequere
537 427 584 447 me
607 424 635 447 et
661 419 696 447 In

237 464 370 492 nauicula
392 464 539 494 dormiens
560 466 697 495 excitatur

238 519 255 537 a
269 510 424 548 discipulis.

195 1034 277 1063 XXI.
299 1034 343 1063 IN
372 1040 446 1064 terra
481 1036 696 1072 gerassinorum

234 1082 381 1119 legionem
397 1083 566 1111 demonium
582 1084 659 1112 iecit.

195 1175 293 1204 XXII.
316 1175 375 1204 Ubi

236 1223 282 1251 Ire
306 1232 374 1251 cum
395 1223 470 1251 lecto
495 1229 524 1252 et
546 1224 696 1252 matheum

235 1275 322 1298 uocat
338 1270 374 1298 de
389 1269 508 1307 tylonio.

194 1315 307 1344 XXIII.
330 1316 400 1345 Non
410 1322 496 1354 egent
508 1317 570 1345 sani
580 1318 696 1347 medico

235 1363 287 1392 sed
301 1363 377 1392 male
391 1363 542 1393 habentes.

407 1175 591 1204 Paraliticum
615 1177 696 1205 iussit

194 1551 324 1580 XXIIII.
362 1551 431 1580 Non
471 1552 607 1580 Ieiunant
647 1552 695 1580 filii

235 1598 334 1636 sponsi
372 1599 501 1636 quandiu
534 1599 610 1627 Cum
643 1599 695 1627 illis

233 1655 368 1682 sponsus.

194 1692 288 1720 XXV.
308 1692 366 1721 Ubi
381 1693 483 1721 mulier
493 1702 510 1720 a
525 1692 613 1721 fluuio
629 1702 694 1721 san-

233 1739 329 1775 guinis
349 1739 483 1768 liberatur
498 1745 525 1767 et
540 1740 598 1767 filia
613 1739 694 1767 Prin-

232 1786 306 1823 cipis
320 1785 347 1813 A
362 1792 456 1815 morte
471 1786 613 1815 liberatur.

193 1879 303 1907 XXVI.
325 1879 384 1907 Ubi
397 1880 490 1908 caecis
502 1880 602 1908 oculos
613 1890 694 1917 aper-

233 1927 276 1954 uit
291 1931 318 1954 et
334 1927 451 1955 sordum
466 1932 494 1956 et
510 1932 623 1955 mutum
645 1928 694 1955 de-

232 1974 364 2001 monium
379 1974 451 2001 iecit.

193 2020 321 2048 XXVII.
343 2020 450 2049 Messis
467 2021 583 2058 quidem
605 2021 695 2049 multa

236 2068 358 2105 operarii
376 2073 472 2096 autem
492 2069 577 2104 pauci
599 2073 627 2096 et
647 2068 694 2096 dat

235 2115 372 2151 apostolis
382 2119 554 2151 potestatem
567 2115 693 2143 curandi.

726 237 784 266 SE
785 238 811 267 C
817 238 911 268 UND
917 238 989 267 UM
1006 239 1072 268 MA
1082 240 1280 270 TTHEUM

927 324 945 348 J
961 324 1073 355 (breues).

790 369 941 398 moniacos
965 371 1055 399 multo
1092 372 1206 400 curauit
1223 377 1251 401 et

789 416 861 443 mari
875 421 904 444 et
919 422 1007 445 uento
1022 417 1182 455 imperauit.

749 1039 813 1067 XV.
837 1039 894 1069 Ubi
916 1041 944 1070 in
967 1044 1085 1080 regione
1102 1044 1247 1074 Gerasen-

789 1096 875 1115 orum
891 1088 965 1117 duos
975 1089 1108 1119 homines
1121 1100 1137 1119 a
1148 1092 1246 1120 daem-

789 1135 859 1163 onio
874 1135 1002 1165 liberauit
1014 1142 1041 1165 et
1059 1139 1247 1176 paralyticum

790 1180 896 1209 lectum
912 1191 995 1211 suum
1010 1189 1126 1220 portare
1144 1185 1219 1214 facit.

749 1267 830 1296 XVI.
850 1268 908 1297 Ubi
921 1269 1102 1298 Matthaeum
1115 1278 1200 1300 uocat
1213 1273 1248 1301 de

789 1315 927 1344 theloneo
949 1322 977 1345 et
995 1318 1076 1345 multi
1100 1319 1249 1355 publicani

789 1364 961 1392 recumbunt
985 1373 1052 1392 cum
1075 1374 1111 1394 eo
1131 1370 1158 1394 et
1181 1366 1249 1395 dicit

790 1409 860 1438 Non
874 1410 941 1438 ueni
957 1411 1046 1439 iustos
1062 1421 1176 1441 uocare.

749 1549 845 1577 XVII.
868 1549 927 1578 Ubi
951 1551 1084 1588 discipuli
1109 1552 1249 1581 Iohannis

789 1597 970 1634 interrogant
986 1598 1021 1626 de
1042 1599 1150 1628 ieiunio
1167 1605 1195 1629 et
1213 1601 1248 1629 de

788 1652 888 1680 panno
928 1650 956 1673 et
992 1646 1102 1674 utribus
1139 1652 1167 1675 et
1199 1648 1248 1675 ubi

789 1690 877 1718 filiam
904 1690 1044 1729 Principis
1075 1693 1248 1731 Synagogae

789 1738 935 1765 suscitauit
971 1743 999 1766 et
1039 1740 1190 1768 mulierem
1231 1750 1248 1768 a

788 1784 936 1820 sanguinis
951 1785 1031 1813 fluxu
1046 1787 1167 1815 sanauit.

748 1876 862 1905 XVIII.
884 1877 930 1906 De
952 1878 1065 1907 duobus
1086 1880 1180 1908 caecis
1204 1889 1247 1908 se-

788 1924 922 1952 dentibus
946 1934 1030 1954 secus
1053 1926 1130 1954 uiam
1149 1932 1176 1955 et
1188 1936 1248 1955 uno

788 1976 869 1999 muto
885 1971 1072 2000 daemonium
1087 1973 1220 2002 habente.

747 2017 876 2047 XVIIII.
900 2018 958 2046 Ubi
969 2019 1052 2047 Iesus
1062 2020 1140 2049 dedit
1149 2027 1246 2058 potes-

788 2069 876 2092 tatem
892 2065 1040 2102 discipulis
1056 2067 1113 2095 suis
1128 2072 1155 2095 et
1171 2068 1248 2096 misit

787 2120 837 2140 eos
852 2112 1029 2148 praedicare.

1761 252 1801 285 25

1539 329 1572 354 K.

1345 376 1448 405 sequar
1459 373 1486 396 te
1497 373 1525 397 et
1536 369 1591 397 alio
1602 369 1671 398 dixit
1684 379 1802 407 sequere

1344 424 1390 443 me
1413 420 1441 443 et
1458 416 1487 443 in
1509 417 1641 445 nauicula
1657 418 1804 446 dormiens

1344 462 1484 490 excitatur
1499 472 1516 491 a
1530 463 1685 501 discipulis.

1302 1039 1383 1067 XXI.
1406 1040 1441 1068 In
1484 1045 1558 1070 terra
1596 1052 1803 1080 gerasenorum

1336 1087 1490 1116 daemonia
1505 1089 1595 1118 eiecit.

1302 1176 1399 1204 XXII.
1422 1177 1481 1205 Ubi
1503 1178 1694 1216 paralyticum
1724 1181 1805 1210 iussit

1343 1224 1382 1251 ire
1398 1233 1464 1252 cum
1480 1225 1564 1254 lecto.

1303 1270 1416 1298 XXIII.
1440 1271 1498 1299 Ubi
1528 1272 1689 1301 mattheum
1718 1279 1805 1303 uocat

1343 1318 1379 1345 de
1390 1318 1525 1347 theloneo
1535 1324 1562 1347 et
1574 1320 1641 1349 dicit
1649 1330 1708 1349 non
1718 1326 1804 1359 egent

1344 1365 1406 1393 sani
1435 1366 1551 1394 medico
1581 1368 1631 1395 sed
1654 1368 1729 1396 male
1754 1369 1804 1397 ha-

1344 1412 1446 1440 bentes
1467 1417 1494 1441 et
1518 1423 1579 1441 non
1603 1415 1733 1443 ieiunant
1756 1416 1806 1444 filii

1344 1460 1444 1495 sponsi
1483 1461 1624 1497 quamdiu
1659 1471 1727 1490 cum
1763 1463 1804 1491 eis

1343 1510 1386 1533 est
1401 1516 1533 1543 sponsus.

1304 1552 1433 1582 XXIIII.
1451 1552 1509 1581 Ubi
1520 1554 1621 1582 mulier
1632 1564 1649 1583 a
1660 1556 1804 1592 profluuio

1344 1600 1494 1637 sanguinis
1526 1601 1661 1629 liberatur
1689 1607 1717 1630 et
1746 1603 1804 1631 filia

1343 1647 1480 1684 principis
1502 1657 1519 1676 a
1536 1653 1630 1677 morte
1652 1651 1803 1678 resuscita-

1342 1700 1395 1722 tur.

1301 1881 1396 1910 XXV.
1420 1881 1478 1910 Ubi
1514 1892 1667 1911 caecorum
1701 1884 1802 1913 oculos

1341 1929 1432 1965 aperit
1452 1934 1481 1957 et
1500 1930 1618 1958 surdum
1638 1936 1665 1958 et
1689 1937 1802 1959 mutum

1342 1975 1512 2004 demonium
1527 1977 1599 2005 eicit.

1301 2022 1412 2050 XXVI.
1428 2023 1610 2052 Circumiens
1619 2024 1663 2052 ihs
1673 2025 1802 2054 ciuitates

1341 2069 1472 2099 infirmos
1497 2071 1611 2099 sanauit
1632 2075 1657 2098 el
1676 2076 1801 2108 potesta-

1340 2121 1399 2143 tem
1429 2118 1585 2146 curationis
1618 2123 1645 2145 et
1681 2119 1802 2147 nomina

226 2194 270 2217 Ad
283 2196 307 2217 et
326 2194 350 2216 in
369 2193 484 2217 nauicula
502 2195 551 2217 inc.
564 2194 655 2217 XXIII
668 2194 693 2217 in

192 2226 228 2249 ΞΡ.
263 2228 411 2253 discipulis
420 2233 436 2249 ÷
445 2226 494 2249 suis
506 2227 540 2250 ΞΡ.

225 2259 296 2282 XXI.
322 2259 390 2282 ÷ubi
403 2262 460 2281 ante
473 2258 496 2281 in
509 2262 573 2282 terra
586 2259 621 2282 ΞΡ.

224 2291 309 2315 XXII.
326 2293 400 2315 laeto
410 2298 427 2316 -ι-
436 2299 479 2315 suo
492 2292 553 2322 SPQ.
582 2293 692 2319 tylonio

198 2330 215 2347 ÷
225 2332 269 2347 suo
282 2324 342 2354 ΕΩ.

224 2356 323 2380 XXIII.
342 2356 465 2380 medicum
478 2356 564 2386 EPGQ

224 2389 338 2413 XXIIII.
358 2391 417 2412 iuis
434 2397 451 2411 4-
466 2393 502 2412 est
515 2389 600 2419 ffGQ-

224 2422 305 2445 XXV.
326 2422 449 2453 profluuio
465 2421 550 2451 ffGQ.
565 2430 611 2445 mn.
630 2429 689 2445 san-

191 2456 285 2482 guinis
315 2455 350 2479 21³.
404 2456 543 2477 liberatur
556 2463 561 2478 :
594 2459 691 2477 curatur

191 2487 277 2517 ffGQ.
307 2489 357 2510 lib.
369 2495 412 2511 sec.
422 2487 552 2511 suscitatur
559 2487 673 2515 {PGtre-)
686 2496 689 2510 :

224 2552 320 2576 XXVI.
339 2552 453 2575 liberauit
471 2556 528 2575 aule
543 2553 638 2583 aperuit
658 2553 689 2575 D.

191 2585 233 2607 secl
251 2588 408 2615 expumtum.
442 2593 489 2608 om.
507 2588 536 2608 et
556 2589 613 2608 ante
632 2593 688 2608 mu-

191 2620 252 2640 tum
265 2618 300 2640 ΞΡ.

224 2650 333 2674 XXVII.
355 2653 381 2678 >
391 2650 490 2674 curandi
500 2653 648 2681 potestatem
659 2651 689 2674 (j.
