2209 3147
443 276 503 312 184

682 360 792 383 Altvv.

481 407 604 436 caesaris
635 407 740 434 tributo
770 410 982 442 consequenter
1007 414 1042 432 ex

481 453 722 492 suprascriptione
749 453 794 481 uel
821 453 948 489 imagine
974 461 1043 480 con-

482 502 589 530 futauit.

441 549 582 577 XXXIX.
608 548 782 576 Sadducaeis
798 548 833 576 de
845 547 963 575 muliere
979 556 1043 584 sep-
1069 539 1072 548 ⁴

481 602 539 624 tem
560 595 678 623 fratrum
697 603 787 623 uxore
805 595 990 622 temtantibus
1005 595 1044 622 ob

481 642 706 671 incredulitatem
743 641 958 670 resurrectionis
994 651 1043 669 ex-

482 691 606 727 probrat.

441 737 503 765 XL.
528 736 644 765 Scribae
674 736 710 763 de
741 736 878 764 mandato
905 736 976 773 legis
1001 735 1043 763 in-

482 784 637 820 terroganti
656 783 805 820 geminum
821 783 981 811 dilectionis
997 791 1044 810 os-

481 831 571 859 tendit
600 836 627 858 et
657 831 738 858 euius
764 831 799 858 sit
823 830 897 858 filius
922 830 1043 858 christus

481 879 662 915 interrogans
698 877 783 906 docet
822 887 858 905 ex
900 877 1043 914 principio

481 925 582 963 psalmi
610 925 780 953 centensimi
804 924 873 952 noni
897 923 1043 951 salutatio-

481 982 551 1000 num
577 981 692 1010 quoque
718 981 818 1000 eorum
842 971 870 998 in
894 971 957 999 foro
983 979 1044 998 arn-

481 1020 573 1047 bitum
588 1024 677 1047 notat.

442 1066 521 1095 XLI.
548 1067 583 1094 In
615 1065 847 1103 gazophilacium
884 1073 1044 1101 pauperem

481 1114 601 1142 uiduam
638 1113 697 1141 duo
736 1113 846 1140 minuta
883 1112 1044 1139 mittentem

481 1161 592 1189 cunctis
607 1160 685 1188 dona
700 1160 871 1188 iactantibus
886 1159 1016 1196 praefert.

442 1208 538 1236 XLII.
567 1207 792 1235 Aedificationes
828 1206 925 1242 templi
960 1215 1044 1233 mon-

483 1255 640 1283 strantibus
665 1253 851 1291 praenuntiat
875 1253 995 1280 ruituras
1017 1258 1044 1280 et

483 1302 519 1330 de
543 1301 662 1329 diuersis
687 1300 778 1328 ultimi
808 1299 944 1337 temporis
972 1304 1044 1327 tem-

482 1349 639 1377 tationibus
661 1347 761 1375 futuris
786 1346 926 1384 prolixius
948 1346 1044 1383 dispu-

482 1402 547 1424 tans
575 1395 758 1424 seductiones
787 1399 935 1422 ammonet
964 1403 1044 1431 prae-

484 1444 637 1472 canendas.

446 1730 556 1758 XLIII.
575 1729 659 1757 Diem
676 1728 818 1757 aduentus
830 1727 923 1756 solum
935 1733 1045 1765 patrem

486 1778 556 1805 scire
572 1777 670 1804 dicens
685 1775 847 1803 nescientes
865 1785 929 1803 eam
947 1784 1047 1803 seruos

486 1824 605 1861 uigilare
621 1823 759 1860 praecipit
774 1827 801 1850 et
816 1831 906 1850 orare.

447 1917 573 1946 XLIIII.
607 1917 653 1945 De
683 1916 826 1944 alabastro
855 1917 974 1953 ungenti
1002 1916 1048 1944 uel

488 1965 649 2003 proditione
662 1964 745 1992 iudae
758 1963 901 1991 traditoris
918 1973 950 1991 ac
967 1973 1048 2000 prae-

488 2012 635 2049 paratione
651 2011 774 2048 paschae
790 2010 908 2038 refertur
921 2019 974 2038 nec
990 2020 1049 2039 non

488 2065 516 2088 et
544 2068 634 2087 cenae
663 2058 723 2086 eius
749 2057 886 2094 mysticae
917 2058 1050 2094 panditur

489 2109 710 2135 sacramentum.

922 273 973 302 CA
981 272 1152 301 PJTIJLA
1180 273 1239 301 [N
1258 272 1348 301 EUA
1356 271 1584 300 NGELJIJM

1201 358 1270 382 CoT
1283 358 1359 381 Harl.
1375 362 1445 388 2797.

1139 545 1183 574 De
1203 546 1320 574 muliere
1343 555 1416 582 quac
1440 549 1551 581 septem

1180 593 1278 621 fratres
1294 593 1399 620 habuit.

1138 735 1175 762 Et
1191 734 1300 762 scribae
1318 734 1385 762 dicit
1398 742 1457 761 non
1472 742 1552 761 aesse

1180 782 1266 818 longe
1283 790 1299 808 a
1314 789 1406 818 regno
1422 780 1476 808 dei.

1139 831 1244 867 Adque
1285 830 1442 866 interrogat
1479 838 1552 866 quo-

1180 877 1270 905 modo
1286 877 1388 904 dicitur
1406 878 1461 912 xps
1479 875 1552 903 filius

1180 925 1276 954 dauid.

1141 972 1257 1012 [Monet
1274 972 1437 1000 cauendum
1453 981 1470 999 a
1485 971 1553 1000 scri-

1180 1018 1245 1059 bis]

1139 1067 1183 1095 De
1211 1067 1298 1095 uidua
1324 1072 1352 1094 et
1380 1065 1554 1103 gazophyla-

1181 1114 1256 1142 chio.

1139 1208 1177 1236 Et
1192 1208 1226 1236 de
1243 1207 1341 1244 templi
1358 1212 1507 1235 structura.

1099 1492 1158 1518 XI.
1181 1492 1230 1518 De
1248 1490 1521 1524 pseudochristis.

1141 1536 1178 1564 Et
1194 1537 1328 1574 passione
1344 1535 1502 1563 martirum.

1140 1584 1177 1611 Et
1192 1583 1389 1612 commotione
1405 1583 1518 1611 saeculi.

1140 1631 1177 1658 Et
1191 1630 1317 1659 aduentu
1332 1630 1390 1666 xpi.

1141 1677 1184 1705 Dc
1200 1678 1303 1705 arbore
1318 1677 1390 1705 ficus
1407 1676 1552 1713 parabola.

1140 1725 1177 1752 Et
1187 1724 1265 1762 quod
1275 1724 1351 1752 diem
1361 1724 1456 1752 iudicii
1467 1733 1554 1752 nemo

1181 1768 1260 1800 sciat.

1141 1819 1263 1856 Propter
1280 1818 1359 1856 quod
1377 1818 1461 1846 docet
1482 1818 1554 1855 uigi-

1182 1866 1311 1893 landum.

1102 1915 1181 1941 XII.
1205 1915 1254 1941 De
1279 1914 1477 1946 hunguento
1502 1921 1555 1940 su-

1184 1969 1245 1995 pra
1261 1963 1363 1994 caput
1377 1961 1439 1987 ihu
1453 1961 1556 1988 aeffu-

1184 2016 1229 2035 so.

1145 2054 1233 2082 Iudas
1248 2054 1444 2082 sacerdotibus
1465 2053 1556 2081 dorni-

1186 2110 1256 2129 num
1271 2101 1382 2138 prodet.

1144 2149 1311 2185 Adparatus
1326 2148 1459 2185 paschae.

1145 2195 1291 2224 Dominus
1320 2195 1387 2223 dicit
1416 2195 1453 2222 ab
1479 2194 1558 2222 huno

1185 2251 1285 2271 eorum
1300 2241 1480 2270 tradendum.

1612 359 1629 381 J
1646 357 1752 389 thrones)
1767 358 1814 381 ΟΧ
1823 359 1882 382 Par.
1895 358 1951 381 Lat.
1968 360 2053 388 10438.

1606 545 1641 573 de
1657 545 1774 573 muliere
1790 555 1863 583 quae
1880 552 1991 583 septem
2007 545 2060 574 fra-

1646 598 1702 620 tres
1718 591 1817 621 habuit

1605 741 1633 764 et
1662 737 1808 774 quendam
1841 736 1964 764 scribam
1993 736 2061 764 dicit

1646 792 1707 811 non
1730 783 1816 821 longe
1842 792 1904 811 esse
1928 792 1945 810 a
1970 791 2061 819 regno

1646 831 1693 858 dei

1606 924 1700 962 adque
1727 925 1885 961 interrogat
1911 923 2062 961 quomodo

1647 972 1758 1000 dicatur
1791 974 1846 1008 xps
1881 971 1954 998 filius
1983 970 2062 998 dauit

1647 1028 1715 1046 cum
1731 1019 1766 1046 sit
1780 1018 1835 1046 dns

1608 1066 1642 1094 de
1660 1066 1749 1093 uidua
1764 1070 1792 1093 et
1806 1064 2004 1102 gazophilacio

1607 1206 1642 1234 de
1658 1206 1755 1243 templi
1772 1210 1922 1234 structura.

1607 1483 1659 1510 XI.
1683 1482 1727 1510 De
1744 1482 1923 1519 pseudoxpis

1648 1534 1676 1558 et
1691 1530 1827 1567 passione
1843 1535 2000 1566 martyrum

1649 1583 1677 1605 et
1692 1577 1891 1605 commotione
1907 1576 2013 1605 saeculi

1648 1629 1676 1652 et
1691 1625 1726 1652 de
1741 1624 1868 1653 aduentu
1883 1624 1940 1661 xpi.

1610 1905 1678 1934 XII.
1701 1905 1747 1934 De
1767 1911 1896 1943 ungento
1914 1914 2000 1943 super
2014 1915 2062 1934 ca-

1650 1953 1710 1990 pud
1725 1953 1773 1981 ihu
1788 1953 1881 1981 effuso

1611 2053 1639 2076 et
1661 2047 1696 2075 de
1718 2047 1880 2084 proditione
1900 2047 1983 2075 iudae
2006 2055 2064 2084 qua

1652 2095 1721 2122 dnm
1737 2094 1851 2122 tradidit
1865 2100 1893 2122 et
1907 2099 2008 2123 cetera.

484 2347 634 2371 XXXVIII.
663 2346 753 2370 caesari
780 2346 814 2369 H.

452 2381 532 2403 udlur
544 2379 592 2403 Η*-

484 2413 538 2436 XL.
563 2414 723 2436 dilectionis
743 2418 760 2435 4-
779 2415 934 2442 praeceptum
968 2412 1052 2434 Tltom.

454 2450 481 2472 >
493 2445 558 2469 filius
571 2446 602 2469 sit
615 2445 649 2468 H.
683 2445 778 2468 ambito
792 2444 825 2468 1⁷1.

485 2479 554 2501 XLI.
572 2478 647 2501 uidua
659 2477 693 2500 H.

484 2511 578 2534 XLIII.
597 2511 720 2542 praecepit
734 2510 767 2534 H.

485 2543 596 2567 XLIIII.
614 2545 748 2571 paschae:
767 2542 915 2574 paraschcuc
929 2542 961 2565 11.

858 2346 997 2377 amputauit
1025 2350 1053 2369 ut

1138 2344 1170 2366 X.
1192 2347 1218 2370 >
1232 2351 1281 2366 non
1299 2343 1373 2373 longe
1389 2350 1441 2366 esse
1458 2343 1557 2369 7710an

1106 2384 1154 2399 non
1175 2376 1248 2407 longe
1268 2384 1294 2399 es
1313 2376 1344 2398 Θ.
1390 2377 1493 2399 dauid:
1519 2375 1559 2398 dei

1106 2410 1177 2440 lapsu
1197 2409 1226 2432 C.
1268 2412 1362 2432 monet
1382 2417 1403 2432 c.
1424 2416 1440 2431 a
1459 2410 1558 2432 scribis

1106 2450 1151 2465 om.
1165 2442 1193 2465 C.
1228 2449 1274 2464 om.
1288 2444 1316 2464 et
1333 2445 1390 2464 auls
1408 2443 1442 2464 de
1460 2441 1558 2469 templi

1107 2475 1129 2497 Θ
1144 2475 1229 2497 Thom.

1140 2507 1184 2530 XI.
1211 2510 1234 2530 et
1264 2507 1295 2530 de
1326 2506 1440 2537 passione
1473 2506 1557 2529 Thom.

1106 2539 1250 2571 parabolam
1264 2540 1286 2562 Θ
1300 2540 1384 2568 Harl„
1400 2540 1482 2562 Tlmm.

1139 2573 1198 2596 XII.
1227 2580 1300 2603 super
1328 2574 1350 2593 (⁸)
1380 2572 1463 2595 Tlmm.
1510 2579 1556 2594 om.

1105 2607 1210 2629 aeffuso
1220 2605 1250 2628 Θ.
1283 2612 1298 2628 ÷
1308 2609 1330 2628 et
1340 2608 1398 2627 aule
1407 2606 1556 2632 adparatus

1106 2638 1182 2662 Harl.
1206 2645 1303 2662 eorum
1313 2645 1327 2661 ψ
1337 2646 1362 2661 se
1373 2638 1458 2666 Harl„
1473 2637 1556 2660 Thom.

1644 2349 1676 2371 X.
1694 2347 1821 2371 mutierem
1831 2347 1876 2370 O*.
1900 2347 1997 2370 cuidam
2006 2347 2063 2370 scri-

1612 2381 1657 2404 bae
1668 2380 1707 2404 0².
1737 2383 1839 2407 adque:
1858 2383 1932 2410 utque
1941 2379 1980 2403 0².
2011 2381 2063 2402 dfis

1618 2421 1635 2437 ψ
1644 2413 1780 2437 cauendum
1790 2421 1803 2436 a
1814 2413 1899 2436 scribis
1909 2412 1947 2435 0².
1974 2415 2061 2435 struc-

1610 2450 1692 2470 tura:
1723 2446 1841 2476 scriptura
1865 2446 1887 2468 O
1912 2445 1997 2475 imple.
2032 2445 2063 2468 de

1610 2478 1831 2510 pseudoprophetis
1844 2478 1898 2507 ipsis)
1914 2477 1941 2500 in
1956 2478 1977 2500 X
1988 2478 2062 2508 pom'l

1610 2513 1635 2535 J.
1666 2511 1842 2542 pseudoxpio.
1870 2510 2061 2533 commotionem

1611 2545 1643 2573 O,
1656 2552 1710 2567 -nes
1719 2544 1767 2567 Xss.

1643 2577 1701 2600 XII.
1721 2576 1769 2603 tXI
1787 2577 1800 2597 ,1
1829 2576 1926 2599 7710va
1944 2583 2017 2606 supra
2035 2576 2062 2598 -Ῐ,

1610 2617 1679 2638 qua:
1696 2609 1790 2640 quiad.
1809 2611 1865 2639 sos!
1873 2610 1954 2632 iudae
1963 2611 2062 2631 lantum

1609 2647 1632 2666 et
1645 2642 1745 2666 caeteris
1758 2641 1880 2664 mandatis
1890 2641 1920 2664 Χ.
