2209 3147
340 258 403 289 504

503 335 605 358 AHVY
612 335 690 358 Harl.
706 338 775 364 2797.

381 391 469 419 seque
492 390 595 418 pacem
619 381 687 408 dare
711 380 752 408 eis
778 387 939 416 pacemque

381 429 540 466 relinquere
556 428 715 465 pollicetur.

341 476 497 504 XXXVII.
518 475 554 503 Se
570 475 666 512 ipsum
682 475 768 502 uitem
785 479 812 502 et
827 477 938 510 patrem

381 523 538 560 agricolam
550 522 647 550 dicens
654 521 869 558 discipulosque
879 519 940 557 pal-

381 571 464 598 mites
479 570 539 598 sine
556 579 585 597 se
601 569 669 597 nihil
681 578 731 597 eos
743 568 836 596 facere
852 576 939 604 posse

381 622 500 645 testatur

381 664 477 692 modis
489 664 629 692 alternam
643 663 684 691 eis
700 663 883 690 dilectionem
896 661 939 688 in—

382 711 475 740 culcat
491 711 571 739 cuius
586 711 688 739 merito
710 714 827 747 possent
847 708 939 746 quod-

381 767 507 795 cumque
522 758 655 795 petierint
671 757 823 794 inpetrare.

341 805 512 833 XXXVIII.
535 805 669 833 Eandem
691 804 875 832 dilectionem
898 803 939 830 in-

382 852 502 880 stantius
522 851 731 881 commendans
752 856 939 879 contemnen-

382 900 451 927 dum
473 899 560 927 docet
583 899 682 927 odium
705 898 805 926 mundi
826 897 940 934 praedi-

382 956 451 975 cens
471 946 566 984 qualia
588 955 640 983 pro
660 946 720 974 eius
743 945 860 973 nomine
884 944 939 972 sint

381 994 492 1031 passuri
525 998 553 1022 et
585 993 764 1030 arguendum
798 992 939 1020 mundum

381 1050 398 1068 a
415 1041 562 1078 paracleto
582 1041 617 1069 de
637 1046 757 1078 peccato
778 1040 814 1068 de
835 1039 940 1067 iustitia

380 1093 408 1116 et
424 1088 459 1116 de
474 1088 580 1116 iudicio
595 1088 768 1116 manifestat.

340 1135 482 1163 XXXIX.
506 1135 659 1164 Modicum
682 1140 708 1163 et
728 1135 887 1162 uidendum
909 1143 939 1161 se

382 1182 449 1211 dicit
464 1183 501 1210 ab
516 1183 557 1211 eis
577 1187 604 1210 et
624 1183 725 1210 iterum
746 1181 895 1209 modicum
913 1185 939 1209 et

381 1239 441 1257 non
469 1229 627 1257 uidendum
710 1229 745 1257 de
767 1238 825 1265 quo
851 1237 940 1265 quae-

382 1277 511 1305 rentibus
545 1276 689 1313 discipulis
725 1276 940 1303 similitudinem

381 1324 507 1353 mulieris
523 1330 588 1361 post
600 1330 714 1360 partum
728 1323 855 1351 tristitiae
871 1332 939 1360 prae

382 1371 487 1409 gaudio
513 1381 571 1400 non
598 1371 807 1399 reminiscentis
829 1369 940 1397 inducit

382 1428 455 1455 quos
475 1424 501 1446 et
524 1428 541 1446 a
562 1423 641 1455 patre
663 1417 753 1445 amari
774 1417 940 1453 significans

381 1466 551 1494 corroborat
571 1474 601 1493 se
623 1465 770 1493 relicturos
793 1465 891 1492 dicens
911 1464 940 1491 in

381 1513 492 1540 mundo
526 1521 691 1550 pressuram
720 1511 860 1540 habebitis
891 1511 941 1539 sed

382 1560 519 1588 confidite
536 1569 590 1597 ego
606 1560 658 1588 uici
675 1559 826 1587 mundum.

341 1607 405 1635 XL.
427 1607 474 1635 Ad
490 1612 601 1644 patrem
617 1607 652 1635 de
668 1607 872 1635 clarificatione
888 1615 940 1633 sua

382 1655 505 1692 loquens
521 1654 677 1691 discipulos
698 1654 810 1691 prolixa
824 1660 851 1681 et
867 1653 940 1681 mul-

382 1701 490 1729 timoda
518 1702 720 1738 prosecutione
754 1700 940 1729 commendat

382 1749 515 1786 passione
531 1749 662 1786 protinus
677 1749 843 1776 inminente.

342 1843 421 1871 XLI.
445 1843 623 1871 Traditionis
649 1852 683 1871 ac
709 1842 853 1880 passionis
878 1842 940 1870 eius

382 1900 433 1928 per
447 1890 578 1918 ordinem
594 1896 674 1928 gesta
690 1895 847 1918 narrantur.

343 2031 438 2060 XLII.
461 2031 690 2059 Resurrectionis
706 2031 834 2059 similiter
850 2030 941 2058 mani·

566 622 593 644 et
629 616 724 644 multis
761 615 967 643 locutionum*

818 249 870 277 CA
877 247 1044 276 PJTULA
1073 247 1131 276 IN
1152 245 1471 275 EUANGELIUM

1065 330 1366 361 fflcffl.1(brcues>OTx.

992 473 1073 500 XII.
1096 474 1144 499 De
1159 472 1230 499 uite
1250 473 1305 499 aet
1323 470 1442 504 palmi-

1073 520 1166 547 tibus
1181 520 1235 546 aet
1249 518 1442 546 dilectione.

1035 943 1072 972 Et
1091 944 1127 971 de
1144 944 1338 981 promissione
1358 952 1442 980 para-

1076 991 1140 1019 cliti.

1034 1131 1072 1160 Et
1081 1131 1199 1160 homnia
1209 1132 1299 1168 patris
1305 1141 1356 1160 sua
1363 1140 1444 1159 aesse

1075 1185 1120 1207 aet
1137 1184 1231 1208 cetera
1247 1179 1391 1207 mandata.

994 1607 1093 1633 XIII.
1116 1607 1175 1633 Ihs
1187 1606 1372 1639 discipulos
1386 1612 1444 1639 pa—

1075 1653 1121 1680 tri
1136 1653 1361 1680 commendat.

1035 1746 1084 1774 Ihs
1100 1755 1116 1774 a
1132 1746 1205 1774 Iuda
1220 1745 1348 1774 traditur.

1034 1793 1192 1821 Adlocutio
1218 1793 1306 1829 pylati
1333 1792 1370 1820 ad
1397 1792 1445 1820 Iu-

1075 1840 1146 1868 deos
1162 1840 1197 1868 de
1213 1839 1270 1868 ihu
1290 1845 1317 1868 et
1338 1839 1374 1867 de
1395 1840 1444 1867 ba-

1075 1888 1175 1917 rabba.

994 1936 1111 1963 XIIII.
1135 1935 1251 1962 Passio
1273 1937 1307 1962 et
1333 1935 1443 1968 sepul-

1075 1985 1152 2010 tura
1181 1984 1215 2009 et
1243 1982 1445 2009 resurreetio

1077 2030 1180 2057 aeius.

1499 329 1555 353 Ual.
1562 329 1635 352 Alex.
1644 330 1687 359 14(
1697 339 1717 348 =
1728 328 1943 359 Thom.1.p.344).

1496 469 1563 497 XII.
1586 469 1631 497 De
1646 469 1731 496 uinea
1746 473 1774 496 et
1790 468 1825 496 de
1843 468 1944 505 palmi-

1536 517 1620 544 tibus.

1495 563 1533 591 Et
1548 563 1616 592 dicit
1631 563 1701 591 nihil
1716 563 1809 591 maius
1824 562 1944 591 dilectio.

1496 946 1592 983 Atque
1610 947 1683 975 inter
1701 946 1840 975 mandata
1860 947 1941 984 pluri-

1537 1003 1586 1022 ma
1598 994 1852 1030 repromissionem
1864 1003 1945 1032 para-

1537 1041 1603 1077 clyti
1621 1041 1748 1078 Spiritus.

1496 1135 1534 1163 Et
1549 1135 1648 1164 omnia
1663 1135 1750 1172 patris
1766 1144 1818 1163 sua
1833 1144 1904 1164 esse.

1497 1182 1687 1210 Prouerbium
1717 1182 1783 1210 Iesu
1818 1182 1853 1210 de
1883 1191 1946 1219 par-

1539 1230 1660 1257 turiente
1676 1234 1704 1257 et
1715 1229 1751 1257 de
1764 1229 1945 1257 tribulatione

1538 1277 1567 1304 in
1584 1277 1698 1305 saeculo
1714 1276 1873 1305 toleranda.

1498 1608 1581 1636 XIII.
1597 1607 1680 1636 Iesus
1690 1608 1833 1645 aspiciens
1843 1607 1872 1635 in
1882 1617 1947 1636 eae-

1538 1655 1598 1682 lum
1633 1660 1745 1691 patrem
1779 1655 1948 1692 deprecatur

1538 1711 1592 1739 pro
1614 1702 1760 1739 discipulis
1785 1702 1845 1730 suis
1867 1707 1894 1729 et
1917 1707 1947 1729 ut

1538 1749 1765 1777 honorificentur
1807 1758 1824 1776 a
1867 1754 1947 1786 patre

1538 1796 1671 1833 postulat.

1499 1843 1630 1871 Traditio
1646 1843 1735 1871 Iudae
1751 1843 1787 1871 de
1802 1843 1878 1871 Iesu.

1498 1890 1600 1918 Petrus
1615 1890 1774 1918 auriculam
1793 1889 1922 1918 abscidit.

1497 1938 1535 1966 Et
1557 1938 1627 1966 dum
1653 1938 1843 1974 interrogatur
1866 1937 1947 1965 Iesus

1539 1995 1555 2013 a
1570 1985 1748 2022 principibus
1764 1984 1865 2012 Petrus
1881 1993 1946 2012 eum

1539 2033 1621 2060 tertio
1637 2032 1771 2068 abnegat.

376 2125 496 2148 XXXVI.
515 2126 581 2147 dare
594 2124 630 2147 bis
641 2132 686 2147 scr.
701 2124 734 2147 H.

376 2157 511 2180 XXXVII.
530 2159 636 2180 uitem:
662 2161 742 2180 autem
774 2157 859 2180 Tlmm.
894 2156 942 2180 dis-

342 2190 501 2221 cipulosquae
513 2188 605 2213 Hafa*
631 2190 721 2213 multas
734 2189 824 2213 Harl*
850 2191 942 2213 modis

343 2225 496 2247 alternam:
510 2222 588 2246 solam
597 2222 689 2245 Harl*
698 2223 750 2251 (scd
757 2223 838 2252 corta).
865 2222 941 2253 quod-

344 2264 437 2286 cunque
451 2275 455 2279 .
471 2274 475 2279 .
489 2274 493 2279 .
507 2256 636 2286 impetrare
653 2256 677 2278 T
674 2255 736 2278 hom.

377 2289 526 2312 XXXVIII.
544 2288 656 2312 eamdem
671 2288 753 2311 Tlmm.
784 2288 904 2319 paraclito
915 2288 940 2311 H

344 2322 421 2346 Harl.
439 2322 463 2344 T
460 2321 522 2344 hom.

377 2354 499 2377 XXXIX.
518 2357 611 2385 partem
635 2354 710 2377 Harl.
746 2354 887 2377 corroburat
911 2354 940 2376 A.

345 2395 497 2418 praessuram
511 2387 569 2411 ΗΥ.
604 2386 723 2410 confidete
735 2387 811 2409 Harl.
828 2387 911 2410 Tlmm.

377 2420 431 2443 XL.
449 2423 564 2450 protenus
576 2419 719 2442 imminente
735 2419 818 2442 Tlmm.

1027 2121 1086 2144 XII.
1100 2122 1172 2144 uite:
1187 2120 1258 2143 uinea
1267 2119 1411 2143 SFGHJOX.
1422 2123 1445 2143 et

994 2153 1025 2177 de
1037 2154 1170 2177 dilectione
1182 2152 1288 2176 ffiIJOo,

1028 2186 1102 2209 XIII.
1121 2194 1167 2209 om.
1179 2187 1214 2209 de
1226 2193 1267 2209 sec.
1281 2185 1301 2208 I.

1026 2219 1115 2243 XIIII.
1134 2220 1227 2246 passio
1236 2224 1254 2242 4-
1263 2218 1304 2241 ihu
1315 2217 1345 2241 1⁰.
1357 2225 1403 2241 om.
1416 2220 1444 2241 et

988 2255 1030 2283 pr.
1043 2252 1070 2275 J.

1026 2285 1123 2308 Subscr.
1165 2283 1299 2315 expliciunt
1336 2282 1445 2314 capitula

994 2317 1070 2345 OEIX,
1093 2318 1154 2348 expe
1179 2316 1243 2339 tituli
1268 2316 1381 2339 iohannis
1406 2316 1444 2344 O;

994 2350 1065 2374 nihil
1074 2350 1163 2373 habent
1175 2350 1228 2373 (ΞΘ.
