2209 3147
406 262 469 300 556
719 260 1038 289 EUANGELJUM
1057 259 1320 289 SECUNDUM
1340 260 1606 288 IOHANNEM.

369 346 395 364 2¹
409 347 593 387 Respondit
612 346 696 376 iesus
714 351 745 376 et
766 345 852 376 dixit
870 346 915 375 eis

407 409 507 429 unum
525 409 607 438 opus
622 398 682 429 feci
700 403 732 428 et
750 408 864 428 omnes
882 398 1043 428 miramini

371 449 396 468 ²²
407 455 579 491 propterea
597 460 705 480 moses
721 450 813 480 dedit
831 450 924 479 uobis

450 502 731 533 circumcisionem

405 564 470 585 non
487 555 564 594 quia
580 565 624 584 ex
640 564 730 584 mose
748 558 798 584 est

449 606 506 636 sed
523 617 567 636 ex
583 606 731 645 patribus

405 662 438 688 et
455 658 486 688 in
505 659 645 689 sabbato
662 657 894 688 circumciditis
911 657 1079 688 hominem

368 709 395 727 ²3
405 711 431 740 si
449 710 729 741 circumcisionem
747 710 866 750 accipit

449 762 549 792 homo
568 763 599 792 in
617 762 758 792 sabbato

405 819 441 845 ut
457 824 522 844 non
540 814 689 845 soluatur
705 814 760 844 lex
778 814 859 844 mosi

406 866 484 896 mihi
502 867 714 906 indignamini

448 918 524 958 quia
542 923 649 948 totum
666 918 833 948 hominem

447 980 563 1000 sanum
580 970 640 1000 feci
658 971 690 1000 in
707 970 847 1000 sabbato
858 972 871 999 ?

368 1020 393 1039 24
404 1022 507 1052 nolite
524 1022 667 1053 iudicare
684 1022 865 1053 secundum
884 1021 1000 1051 faciem

402 1075 459 1105 sed
477 1075 599 1105 iustum
616 1074 771 1104 iudicium
790 1074 931 1104 iudicate

1736 259 1805 298 [VII.
1818 266 1910 288 21-28.

1175 343 1199 362 ²⁵
1211 345 1365 375 dicebant
1382 355 1460 384 ergo
1477 345 1611 383 quidam

1254 407 1296 426 ex
1314 397 1542 436 hierosolymis

1210 459 1317 478 nonne
1349 448 1400 478 hic
1428 452 1477 478 est
1503 458 1600 487 quern
1627 452 1785 487 quaerunt
1812 447 1910 478 inter-

1253 500 1371 531 ficere?

1173 553 1199 571 2⁶
1209 557 1241 583 et
1260 562 1335 582 ecce
1353 551 1461 592 palam
1479 552 1623 591 loquitur

1253 608 1284 634 et
1301 603 1379 633 nihil
1396 604 1424 633 ei
1442 604 1555 633 dicunt

1210 656 1371 695 numquid
1389 666 1465 685 uere
1482 660 1706 695 cognouerunt

1252 707 1414 747 principes
1431 707 1507 746 quia
1523 707 1575 737 hic
1593 712 1642 737 est
1659 706 1823 737 christus?

1172 763 1195 781 Ἦ
1209 759 1265 789 sed
1284 759 1369 789 hunc
1386 759 1506 789 scimus
1523 759 1610 788 unde
1628 759 1670 788 sit

1208 810 1347 840 christus
1364 815 1474 841 autem
1492 820 1566 840 cum
1584 810 1711 840 uenerit

1252 872 1350 892 nemo
1367 863 1427 893 scit
1446 863 1532 892 unde
1549 862 1599 892 sit.

1172 915 1196 932 2⁸
1209 914 1252 938 (7⁶·
1265 914 1286 936 ³³
1306 914 1481 944 Clamabat
1499 924 1577 954 ergo
1594 915 1715 944 docens

1253 967 1284 996 in
1301 966 1428 1007 templo
1445 967 1528 997 iesus
1546 972 1578 996 et
1595 967 1707 997 dicens

1208 1024 1240 1049 et
1258 1029 1310 1049 me
1326 1019 1415 1049 scitis
1432 1024 1464 1049 et
1481 1019 1567 1048 unde
1586 1019 1647 1049 sim
1663 1018 1753 1049 scitis

1209 1076 1241 1102 et
1258 1082 1277 1102 a
1295 1082 1346 1101 me
1364 1071 1434 1110 ipso
1452 1081 1516 1101 non
1535 1071 1607 1101 ueni

404 1185 496 1213 ficere.
532 1184 553 1199 ²¹
566 1185 712 1222 respondit
735 1185 810 1213 iesus
833 1191 859 1213 et
882 1185 953 1213 dixit
976 1185 1025 1213 eis.
1062 1193 1152 1212 unum
1171 1192 1244 1220 opus
1263 1183 1325 1211 feci.
1360 1187 1387 1210 et
1408 1191 1511 1210 omnes
1532 1182 1683 1210 miramini.
1719 1180 1907 1218 ”propterea

404 1241 528 1270 moyses.
564 1232 640 1260 dedit
662 1233 744 1261 uobis
770 1233 1027 1261 circumcisionem.
1065 1241 1124 1259 non
1146 1230 1221 1267 quia.
1258 1240 1294 1258 ex
1320 1238 1420 1266 moyse
1445 1234 1488 1257 est
1514 1229 1564 1257 sed
1591 1238 1626 1257 ex
1653 1229 1791 1265 patribus.
1829 1234 1855 1256 et
1882 1229 1910 1256 in

404 1281 525 1308 sabbato
547 1280 750 1308 circumciditis
772 1280 929 1308 hominem.
964 1279 985 1295 ²³
998 1279 1020 1307 si
1045 1288 1113 1315 ergo
1139 1277 1389 1306 circumcisionem
1413 1276 1517 1313 accipit
1543 1276 1632 1303 homo
1654 1276 1683 1303 in
1711 1276 1842 1303 sabbato.
1879 1281 1910 1303 ut

404 1336 464 1355 non
480 1327 607 1355 soluatur
622 1327 667 1355 lex
689 1327 789 1364 moysi.
827 1327 895 1354 mihi
916 1332 1012 1355 autem
1033 1326 1101 1363 quid
1121 1324 1321 1361 indignamini.
1358 1324 1424 1361 quia
1443 1329 1535 1351 totum
1557 1323 1705 1350 hominem
1728 1323 1840 1350 saluum
1857 1323 1910 1350 feci

403 1374 433 1401 in
455 1374 585 1402 sabbato.
622 1372 642 1389 ²4
653 1373 740 1401 nolite
761 1373 885 1401 iudicare
907 1374 1069 1401 secundum
1090 1372 1193 1400 faciem
1217 1371 1267 1399 sed
1288 1371 1393 1398 iustum
1414 1370 1551 1398 iudicium
1572 1371 1705 1398 iudicate.
1742 1369 1763 1385 ²⁵
1776 1370 1911 1398 dicebant

403 1430 473 1458 ergo
493 1421 610 1458 quidam
631 1430 665 1449 ex
688 1420 898 1457 ierosolymitis.
935 1429 1033 1448 nonne
1054 1420 1100 1447 hic
1121 1425 1163 1447 est
1184 1427 1270 1456 quem
1290 1423 1432 1455 quaerunt
1449 1417 1616 1445 interficere.
1652 1418 1672 1433 2⁴³
1684 1422 1711 1445 et
1728 1427 1796 1445 ecce
1813 1417 1910 1453 palam

404 1467 537 1504 loquitur.
574 1473 601 1495 et
627 1467 694 1495 nihil
720 1468 744 1495 ei
769 1467 874 1495 dicunt.
911 1467 1053 1504 numquid
1082 1475 1149 1494 uere
1179 1470 1385 1502 cognouerunt
1415 1465 1566 1501 principes,
1603 1465 1670 1501 quia
1699 1465 1746 1493 hic
1776 1470 1818 1492 est
1844 1474 1911 1493 uere

404 1514 534 1542 christus.
570 1512 591 1530 2⁷
603 1514 654 1542 sed
672 1514 748 1542 hunc
767 1515 872 1542 scimus
893 1514 969 1542 unde
990 1514 1031 1541 sit.
1070 1513 1192 1541 christus
1214 1518 1311 1540 autem
1334 1521 1400 1540 cum
1422 1512 1540 1539 uenerit.
1578 1521 1666 1539 nemo
1689 1512 1740 1539 scit
1763 1512 1841 1540 unde
1864 1513 1909 1540 sit.

404 1561 424 1577 ²⁸
436 1561 579 1589 clamabat
599 1570 668 1597 ergo
686 1561 794 1589 docens
815 1561 844 1588 in
864 1561 973 1598 templo
992 1561 1076 1588 iesus.
1113 1565 1140 1588 et
1160 1559 1267 1588 dicens.
1303 1565 1330 1586 et
1349 1568 1395 1587 me
1416 1559 1500 1587 scitis.
1538 1563 1565 1586 et
1579 1559 1671 1586 nostis
1687 1558 1764 1587 unde
1780 1559 1843 1587 sim.
1881 1564 1910 1587 et

440 1680 477 1696 21.
496 1674 550 1696 eis:
569 1681 614 1697 om.
631 1673 650 1696 d
664 1681 675 1696 e
691 1673 738 1696 let
755 1674 815 1702 Dar3
831 1677 857 1700 >
869 1677 926 1697 ante
944 1675 1018 1696 iesus
1036 1673 1107 1704 [ff2.

407 1712 488 1743 hopus
499 1712 529 1740 C,
542 1719 604 1742 opos
616 1712 648 1736 G.
685 1720 795 1736 omnes:
814 1720 858 1735 uos
870 1713 888 1735 d
898 1716 921 1735 et
933 1713 984 1735 ΒΨ.

441 1758 479 1774 22.
498 1753 598 1782 propter
610 1759 639 1774 ea
652 1751 708 1779 RS;
727 1756 829 1782 propter
842 1751 890 1775 hoc
903 1751 915 1774 h
926 1760 938 1774 e
951 1760 973 1777 ν,
986 1751 1043 1775 ideo
1056 1751 1109 1779 ad;

407 1798 462 1813 cum
475 1791 618 1813 miramini
627 1791 785 1821 coniungunt
796 1799 811 1821 q
819 1798 857 1821 gr.
870 1791 892 1814 X
903 1791 931 1821 cf.
947 1791 971 1814 Τ
969 1791 1027 1814 isch.
1042 1791 1069 1814 T.
1082 1791 1109 1814 G.

408 1829 422 1852 8
432 1828 516 1852 adloc.
546 1832 638 1856 propt.
650 1847 654 1852 .
670 1847 674 1851 .
688 1848 693 1853 .
707 1831 862 1853 circumcis.
877 1830 904 1853 in
918 1838 966 1852 ras.
981 1830 1012 1853 K.
1032 1837 1108 1859 moys.

397 1868 443 1895 ,bis
466 1867 739 1898 ESPHQIJKM'QRV
757 1877 796 1899 vg.
820 1869 909 1895 Tisrlz..
930 1870 999 1892 mois.
1020 1868 1108 1897 ATW,

407 1910 465 1936 moy
479 1925 484 1929 .
502 1924 508 1929 .
524 1925 529 1930 .
544 1909 595 1930 moi
607 1907 639 1930 D.
674 1909 756 1931 uobis
766 1915 783 1931 ÷
793 1908 872 1938 legem
887 1908 918 1931 K.
947 1912 972 1934 >
983 1908 1038 1931 ded.
1052 1908 1109 1931 uob.

408 1953 458 1969 mo.
472 1953 487 1968 a
499 1945 517 1968 d
531 1953 546 1968 r
560 1949 582 1968 et
596 1953 636 1976 gr.
649 1947 680 1969 D,
716 1947 819 1970 circunc.
832 1947 882 1977 ‘5322
896 1942 995 1977 semper,
1008 1947 1110 1970 circum-

408 1984 540 2008 cissionem
553 1985 637 2008 DEff‘.
674 1987 753 2013 quia:
772 1994 821 2017 qua
835 1986 880 2012 W;
896 1994 942 2009 om.
955 1995 977 2009 a.
1010 1994 1044 2009 ex
1051 1990 1109 2017 pn:

408 2031 422 2046 a
435 2023 475 2046 Tc⁴
495 2026 552 2046 est:
580 2028 641 2047 esset
652 2024 673 2046 R
684 2025 703 2053 δ,
717 2025 748 2048 sit
761 2024 774 2047 b
787 2025 805 2047 d
814 2033 835 2047 ν.
865 2027 991 2052 patribus
1001 2032 1017 2048 4-
1026 2025 1112 2048 uestris

410 2070 425 2085 a
438 2062 457 2085 b.
492 2063 523 2085 in
538 2070 584 2085 om.
598 2063 611 2085 b
627 2071 638 2086 e
654 2071 669 2085 r
684 2066 707 2086 et
721 2072 760 2094 gr.
774 2064 801 2087 B.
837 2064 957 2087 sabbatho
974 2064 1023 2095 5323
1037 2067 1059 2087 el
1073 2071 1111 2094 23.

409 2101 495 2125 sabato
508 2102 532 2124 D
545 2109 551 2130 ς
570 2102 679 2125 sabbatis
692 2110 710 2126 e.
746 2103 935 2126 circumcidistis
949 2103 980 2127 D.

444 2147 482 2170 23.
501 2142 540 2164 si:
559 2141 621 2165 sicut
634 2146 714 2165 autem
729 2142 767 2172 Q:
787 2149 803 2165 ψ
813 2150 871 2172 ergo
884 2151 899 2165 a
911 2142 955 2172 df
962 2151 1016 2165 cum
1027 2150 1066 2173 gr.
1079 2143 1111 2166 D.

410 2180 557 2204 circumciss.
569 2180 662 2203 DEffR
692 2181 787 2212 accepit
801 2181 995 2212 DEOffilaur.
1025 2186 1112 2212 sapato

410 2219 433 2243 R
445 2219 488 2243 bis.
524 2219 578 2242 huti
596 2220 624 2243 C.
660 2227 738 2250 moys.
755 2223 783 2243 ut
802 2227 838 2247 22,
856 2223 913 2249 moy
930 2220 962 2245 D,
980 2220 1056 2243 moise
1074 2220 1112 2247 Δ’,

417 2265 434 2283 ÷
443 2259 464 2282 si
477 2259 499 2289 Q
510 2267 515 2286 ;
534 2265 551 2282 4-
560 2259 687 2289 quomodo
699 2258 748 2282 dcl
760 2267 804 2281 πως
817 2259 849 2288 D,
862 2258 1009 2289 (ffsupra.
1039 2259 1112 2282 michi

411 2298 451 2321 W.
472 2299 581 2325 indign.
590 2305 594 2320 :
608 2297 740 2321 irascimini
750 2306 765 2321 α
774 2298 787 2320 b
796 2297 834 2327 (d)
843 2306 857 2328 q
866 2297 971 2320 rAmbr.
978 2298 1031 2327 (ΡΣ,
1046 2299 1110 2327 118).

412 2344 511 2360 sanum
522 2336 601 2366 (ὑγιῆ)
612 2337 675 2359 codd.
685 2344 723 2367 vg.
733 2340 755 2360 et
764 2345 778 2359 α
788 2336 859 2368 deffi
869 2337 901 2367 lq
911 2337 923 2358 δ
933 2344 1000 2359 aun:
1017 2336 1112 2360 saluum

414 2376 541 2406 AEP'WQR
554 2375 567 2398 b
579 2375 639 2406 cfr
651 2376 738 2399 Ambr.
751 2377 816 2406 Aug.
852 2377 882 2398 in
894 2383 936 2398 sec.
947 2383 951 2398 z
970 2383 1015 2399 om.
1028 2375 1081 2407 bff
1090 2375 1113 2398 l*

414 2423 428 2446 q
440 2423 455 2437 r
466 2416 531 2445 Aug.
543 2423 548 2443 ς
567 2421 584 2438 4-
594 2415 687 2445 populo
702 2415 741 2438 D*
754 2415 796 2438 scd
804 2419 856 2445 exp.
892 2415 999 2438 sabbatis
1010 2422 1051 2438 scr.
1065 2423 1083 2437 e.

448 2461 485 2484 ²4·
504 2456 655 2477 secundum
679 2455 779 2477 facicm
803 2453 868 2483 (κατ’
892 2453 957 2485 ὄψιν)
969 2462 973 2476 :
998 2454 1113 2477 aduersus

415 2492 458 2516 [ac.
479 2493 512 2519 F;
536 2492 669 2516 secundum
693 2500 821 2524 personam
844 2501 859 2516 a
879 2495 914 2524 (4-
923 2492 1041 2521 hominis)
1059 2493 1077 2515 d
1093 2501 1114 2519 ν,

415 2532 574 2563 personaliter
597 2539 608 2554 e
631 2539 645 2563 q
669 2533 691 2555 A
696 2539 735 2562 ug.
783 2533 901 2555 iustum:
928 2535 1020 2556 rectum
1046 2533 1112 2562 Aug.

416 2570 531 2594 iuditium
544 2570 583 2593 W.

451 2616 488 2639 25.
507 2617 541 2632 ex
553 2611 751 2636 hierosolymis
764 2613 848 2633 contra
856 2617 897 2640 gr.
912 2610 998 2640 (hieru.
1012 2610 1044 2638 K,
1055 2609 1112 2632 iero.

415 2655 453 2678 vg.
463 2656 468 2677 3
486 2647 650 2671 hierosolimis
661 2648 725 2677 GM‘,
736 2649 817 2679 hyerO.
830 2649 864 2677 H,
878 2649 953 2672 ihero.
962 2649 993 2681 Τ,
1003 2649 1061 2672 iero,
1072 2648 1113 2676 W,

1212 1671 1288 1694 hieru.
1302 1671 1362 1699 133³)
1376 1671 1440 1694 codd.
1448 1670 1485 1701 pl.
1502 1678 1539 1701 vg.
1552 1674 1575 1693 et
1586 1679 1597 1693 ι-
1607 1670 1656 1702 ffi:
1672 1679 1712 1701 gr.
1725 1670 1751 1694 ἐκ
1763 1671 1810 1694 τῶν
1823 1672 1914 1701 ἱεροσυ-

1212 1710 1331 1738 λυμειτῶν
1338 1713 1361 1733 ct
1368 1718 1397 1733 ex
1404 1710 1621 1733 hierusolimitanis
1631 1710 1679 1733 DR
1687 1710 1915 1739 thirusolimitaenis

1213 1749 1249 1772 R*
1262 1749 1304 1772 sed
1314 1757 1326 1772 e
1335 1749 1411 1780 exp),
1424 1757 1452 1771 ex
1466 1749 1690 1779 hierosolymitanis
1702 1749 1715 1772 b
1727 1757 1743 1772 r
1753 1750 1765 1771 δ
1780 1750 1870 1779 (iero),
1884 1750 1915 1773 de

1212 1788 1439 1819 hierosolymitibus
1459 1795 1479 1817 e,
1500 1796 1529 1811 cx
1550 1788 1741 1818 hierosolymitis
1759 1789 1778 1811 d
1795 1789 1847 1819 (de)
1862 1789 1886 1821 f
1900 1797 1914 1820 q

1213 1828 1295 1850 Bentl.
1312 1827 1391 1857 (iero.)
1402 1835 1407 1855 ;
1425 1827 1626 1858 hierosolymitae
1639 1835 1667 1853 a:
1688 1835 1717 1850 ex
1729 1828 1822 1851 iudaeis
1835 1828 1912 1851 laur.

1212 1874 1322 1890 nonne:
1342 1865 1460 1896 numquid
1480 1866 1506 1888 E.
1543 1870 1644 1896 querunt
1662 1866 1761 1894 DMY;
1782 1867 1914 1897 querebant

1215 1906 1239 1928 H
1251 1914 1266 1928 ν
1276 1907 1355 1935 Augu:
1376 1911 1392 1928 ÷
1401 1905 1466 1928 iudei
1480 1905 1502 1927 T
1514 1913 1559 1928 cor.
1574 1906 1641 1928 uat.*
1670 1906 1779 1929 intem:
1805 1906 1915 1929 occidere

1214 1953 1228 1967 a
1241 1945 1253 1967 h
1266 1953 1276 1967 ι·
1289 1944 1344 1976 (iffi
1356 1953 1370 1975 {l
1383 1953 1402 1968 r.

1248 1983 1284 2007 26.
1304 1986 1331 2006 et
1344 1984 1378 2006 ad
1388 1983 1445 2007 init.
1461 1991 1505 2006 om.
1517 1982 1753 2007 fFlNsssVWXZ‘T
1765 1991 1780 2006 a
1792 1992 1849 2007 aur.
1859 1992 1914 2007 cum

1209 2031 1249 2053 gr.
1263 2022 1307 2045 LX
1324 2029 1360 2052 13.
1374 2021 1405 2053 69
1417 2026 1458 2045 elc.
1488 2023 1510 2045 in
1525 2022 1607 2053 palam
1621 2022 1647 2050 b;
1664 2022 1780 2046 audenter
1792 2031 1809 2046 c.
1839 2023 1915 2046 nichil

1214 2062 1252 2085 W.
1288 2063 1328 2084 ei:
1347 2061 1384 2084 illi
1403 2061 1424 2083 E
1440 2069 1456 2084 α
1472 2061 1485 2083 b
1499 2061 1519 2083 d
1531 2069 1542 2084 e
1559 2061 1604 2084 νδ.
1640 2061 1748 2092 nunquid
1766 2060 1809 2092 {223
1829 2061 1915 2085 ÷sorte

1214 2100 1264 2132 effi
1274 2100 1298 2128 l;
1312 2108 1353 2131 gr.
1363 2098 1420 2130 μήτι
1434 2100 1480 2123 &D
1494 2107 1532 2130 49.
1546 2100 1598 2129 108,
1610 2099 1700 2129 μήποτε
1711 2099 1766 2123 rell.
1792 2108 1837 2124 om.
1849 2108 1914 2124 uere

1214 2140 1237 2170 Q
1253 2147 1308 2162 cum
1323 2147 1362 2170 gr.
1378 2146 1416 2169 33.
1431 2138 1469 2168 63.
1485 2138 1524 2161 66.
1558 2140 1700 2166 principes
1715 2139 1748 2169 (οἷ
1767 2138 1895 2169 ἄρχοντες)
1909 2149 1914 2163 z

1221 2185 1238 2202 ÷
1246 2178 1399 2202 sacerdotum
1408 2179 1425 2201 J
1436 2186 1451 2200 a
1461 2181 1483 2201 ct
1495 2186 1514 2200 οι
1527 2186 1641 2208 αρχιερεις
1654 2178 1682 2202 N.
1710 2181 1753 2202 est
1761 2185 1779 2202 ÷
1787 2178 1892 2210 uerefq
1902 2179 1914 2201 δ

1215 2225 1269 2240 rum
1280 2225 1319 2248 gr.
1332 2219 1394 2239 ΓΔΑ
1406 2220 1447 2240 etc.

1247 2263 1284 2286 27.
1304 2258 1406 2279 scimus
1417 2264 1421 2278 :
1440 2256 1553 2278 nouimus
1563 2263 1579 2278 a
1588 2256 1625 2278 de
1634 2257 1701 2286 Aug.
1729 2256 1810 2279 hunde
1822 2260 1917 2287 semper

1214 2296 1244 2318 C.
1273 2296 1310 2318 sit
1321 2303 1325 2318 :
1345 2298 1380 2318 est
1388 2298 1430 2325 pr.
1440 2295 1467 2318 J,
1478 2302 1520 2317 scs.
1531 2296 1553 2325 q.
1583 2297 1676 2317 autem
1688 2302 1733 2318 om.
1747 2303 1758 2317 ε·
1770 2303 1825 2317 (mn
1834 2303 1875 2323 gr.
1886 2296 1915 2319 Ν.

1215 2342 1289 2364 quum
1303 2334 1355 2358 CO.
1390 2334 1450 2357 sciet
1464 2342 1493 2361 a;
1513 2339 1530 2357 ψ
1539 2337 1563 2356 et
1576 2334 1610 2357 ΞΡ.

1250 2374 1286 2396 28.
1306 2373 1397 2396 clamat
1409 2373 1461 2396 CT.
1488 2374 1590 2395 docens
1603 2374 1633 2395 in
1645 2374 1751 2400 templo
1763 2374 1838 2396 iesus
1851 2373 1914 2397 sochi.

1210 2412 1281 2442 plur.
1295 2415 1317 2435 et
1331 2420 1345 2434 a
1355 2411 1379 2443 s
1384 2411 1418 2443 ff
1432 2412 1488 2441 (om.
1504 2411 1632 2440 docens*)
1647 2419 1661 2433 r
1672 2419 1739 2440 aun,
1754 2419 1803 2434 non
1817 2413 1915 2442 graeci:

1219 2457 1245 2479 >
1255 2452 1296 2476 ies.
1315 2453 1337 2475 in
1357 2456 1413 2475 tem.
1432 2452 1522 2475 docens
1538 2459 1576 2482 vg.
1589 2452 1602 2474 h
1614 2459 1625 2474 c
1637 2452 1648 2474 l
1662 2460 1716 2474 sum
1731 2460 1770 2482 gr.
1785 2453 1820 2480 δὴ
1836 2456 1862 2480 >
1874 2453 1915 2475 ies.

1215 2491 1305 2514 <locens
1319 2491 1341 2513 in
1355 2491 1448 2521 templo
1465 2491 1483 2513 d
1497 2494 1520 2514 et
1535 2491 1594 2519 D⁰¹‘;
1611 2491 1672 2518 >in
1691 2495 1748 2514 tem.
1766 2491 1856 2514 docens
1873 2491 1913 2514 ies.

1215 2538 1225 2553 c
1238 2531 1250 2552 δ
1262 2531 1317 2560 (om.
1331 2530 1405 2559 iesus)
1419 2538 1473 2553 cum
1483 2538 1523 2560 gr.
1539 2530 1646 2553 BLXPA
1659 2534 1714 2558 Βίας
1732 2534 1757 2556 >
1769 2530 1793 2553 in
1806 2534 1863 2553 tem.
1874 2530 1914 2553 ies.

1215 2569 1305 2592 doeens
1323 2577 1337 2600 q
1355 2577 1409 2592 cum
1424 2577 1463 2599 gr.
1486 2569 1514 2591 T.
1548 2576 1594 2592 om.
1614 2572 1643 2592 et
1655 2572 1697 2599 pr.
1716 2569 1763 2591 DE
1780 2568 1842 2600 aff}
1859 2577 1915 2592 aur.

1217 2610 1327 2631 dicens:
1347 2608 1437 2631 docens
1454 2606 1490 2630 R*
1507 2608 1577 2635 (corr.
1593 2608 1648 2638 gl.)
1684 2610 1712 2630 et
1729 2615 1772 2630 me
1791 2609 1869 2631 scitis
1887 2611 1915 2631 et

1217 2649 1291 2670 unde
1310 2648 1362 2670 sim
1381 2648 1458 2670 scitis
1478 2646 1539 2677 (sitis
1557 2647 1614 2675 W):
1635 2646 1740 2669 uariant
1758 2650 1814 2669 ΜΡΝ.
1834 2650 1857 2669 et
1876 2655 1915 2670 mt-
