2209 3147
376 282 440 320 676

1429 432 1749 472 CAPITULA
1789 433 1943 473 ALIA
1991 467 1994 471 .

628 540 684 570 Ex
710 540 876 570 codicibus
903 539 1056 570 Parisinis
1078 538 1161 569 Bihl.
1181 538 1259 569 Nat.
1282 539 1356 569 Lat.
1374 538 1408 567 64
1433 544 1466 569 et
1495 539 1608 579 10438,
1632 538 1720 569 Mus.
1738 539 1825 569 Brit.
1842 539 1942 571 Harl.

480 694 558 716 lnsssr.
578 693 649 723 Incip
667 694 791 724 capitulae
810 694 833 716 in
853 693 947 716 m'¹theo
966 693 1025 715 l‘ar.
1040 692 1095 714 Las.
1108 691 1141 719 6⁴,
1162 691 1246 722 incpfrt
1265 691 1374 722 capitula
1393 690 1480 714 matth.
1494 691 1571 714 llarL
1587 696 1659 722 2790,
1677 691 1802 715 Elenchus
1820 700 1941 716 canonum

658 819 718 842 l‘ar.
738 819 795 842 Lat.
813 818 844 841 6¹.

375 904 398 933 I.
422 904 515 932 Series
536 904 762 940 generacionum
783 904 819 930 ab
842 903 960 930 abraam
982 911 1072 939 usque
1092 901 1130 929 ad

416 953 486 987 xpm
503 973 508 978 .
524 956 550 979 et
566 951 701 978 natiuitas
717 950 802 986 xpisti
820 950 847 977 in
864 949 1014 978 bethleem.

375 1139 413 1167 II.
437 1138 520 1175 Magi
543 1148 663 1166 munera
683 1138 808 1167 offerunt
826 1160 831 1165 .
849 1137 891 1165 ihs
912 1137 1079 1174 deportatur
1100 1137 1127 1164 in

415 1187 563 1224 aegiptum
579 1207 585 1213 .
601 1185 725 1213 infantes
740 1185 956 1213 interficiuntur.

376 1280 430 1308 III.
455 1280 612 1317 Regressio
630 1279 677 1307 ihu
699 1289 734 1307 ex
757 1279 873 1315 aegipto
893 1301 898 1306 .
920 1278 948 1305 in
970 1278 1103 1306 nazareth
1121 1300 1126 1305 .

414 1336 489 1364 quae
504 1332 546 1354 est
562 1327 590 1353 in
609 1326 719 1363 galilea.

376 1374 445 1402 1111.
471 1374 515 1402 De
531 1373 666 1402 iohannis
682 1373 885 1410 predicacione
898 1372 943 1400 uel
960 1372 1104 1409 baptismo
1121 1394 1126 1399 .

415 1429 442 1449 et
459 1421 507 1449 ihu
523 1421 677 1457 baptizato.

376 1516 411 1543 V.
435 1515 479 1544 De
495 1515 602 1543 ieiunio
617 1515 666 1551 xpi
687 1515 714 1542 in
736 1514 854 1542 heremo
870 1536 876 1541 .
892 1520 918 1542 et
934 1514 1126 1550 temptacione

415 1563 564 1591 diabolica.

377 1611 427 1638 VI.
452 1610 496 1638 De
512 1609 636 1637 iohanne
658 1609 759 1637 tradito
776 1630 781 1636 .
798 1614 825 1636 et
841 1609 889 1636 ubi
908 1608 951 1635 ihs
967 1608 1082 1636 secessit
1098 1608 1126 1635 in

415 1658 582 1694 capharnau
606 1656 777 1684 maritimam
801 1656 919 1693 galileae
942 1678 947 1682 .
970 1661 997 1683 et
1020 1655 1055 1683 de
1077 1664 1126 1682 ex-

416 1705 498 1733 ordio
513 1703 719 1741 predicacionis
731 1703 799 1731 eius.

376 1846 443 1874 VII.
466 1846 523 1874 Ubi
547 1845 590 1873 ihs
617 1852 726 1882 petrum
750 1851 776 1872 et
801 1845 937 1872 andream
965 1850 1049 1872 uocat
1071 1866 1076 1871 .
1099 1851 1125 1872 et

416 1893 546 1931 galileam
582 1893 753 1920 circumiens
789 1892 917 1929 predicat
947 1915 951 1920 .
983 1897 1009 1919 et
1045 1898 1125 1920 sanat

415 1949 517 1968 omnes
532 1940 606 1968 male
622 1940 748 1967 abentes.

375 1988 459 2016 VIII.
488 1987 533 2015 De
553 1993 620 2016 octo
642 1986 864 2015 beatitudinibus
885 1987 1042 2024 ceterisque
1062 1996 1125 2023 prc—

415 2035 506 2072 ceptis
528 2044 545 2063 a
567 2034 615 2062 ihu
638 2035 665 2062 in
691 2039 790 2062 monte
814 2033 885 2061 datis
908 2056 913 2061 .
938 2040 965 2062 et
987 2034 1066 2071 quod
1089 2034 1125 2061 ait

415 2091 468 2110 uos
483 2082 550 2110 estis
566 2082 607 2110 sal
624 2088 696 2110 terre
713 2087 740 2109 et
755 2081 803 2108 lux
819 2081 927 2110 mundi.

376 2129 475 2156 VIIII.
499 2129 567 2157 Non
583 2129 662 2157 uenit
683 2128 726 2156 ihs
745 2128 837 2165 legem
860 2128 971 2156 soluere
991 2134 1040 2156 aut
1060 2138 1125 2165 pro-

417 2176 518 2212 phetas
534 2181 576 2204 set
592 2175 747 2212 adimplere
764 2197 769 2202 .
785 2181 812 2203 et
827 2176 884 2203 iota
898 2184 989 2203 unum
1006 2181 1032 2203 et
1053 2185 1127 2203 unus

416 2233 489 2260 apex
507 2246 512 2250 .
529 2229 555 2250 et
571 2223 619 2260 qui
634 2223 749 2251 soluerit
764 2232 853 2250 unum
870 2222 905 2250 de
920 2223 1063 2251 mandatis
1079 2246 1084 2251 .
1100 2229 1127 2250 ct

417 2270 470 2297 nisi
486 2270 675 2298 abundauerit
694 2269 802 2297 iusticia
818 2276 912 2297 uestra
928 2292 933 2298 .
952 2276 979 2297 et
995 2271 1043 2307 qui
1059 2271 1125 2298 iras-

418 2317 489 2344 citur
512 2316 588 2345 fratri
612 2339 616 2344 .
641 2322 667 2344 et
690 2317 712 2344 si
735 2317 821 2344 offers
843 2326 948 2345 munus
971 2323 1051 2345 tuum
1073 2340 1078 2345 .
1099 2323 1125 2345 et

417 2371 478 2392 esto
494 2365 685 2392 consenciens
701 2364 866 2392 aduersario
883 2370 938 2393 tuo.

378 2411 412 2438 X.
436 2410 494 2445 Qui
511 2411 611 2439 uiderit
626 2411 774 2439 mulierem
790 2411 826 2438 ad
842 2411 1105 2448 concupiscendum
1121 2433 1125 2438 .

416 2464 442 2485 et
466 2458 499 2485 de
516 2459 620 2486 occulo
639 2466 666 2486 et
687 2467 773 2486 manu
793 2464 820 2486 et
838 2458 911 2495 pede
929 2459 1062 2486 eruendis
1079 2481 1083 2486 .
1099 2465 1125 2486 et

419 2505 466 2542 qui
482 2505 636 2533 demissam
653 2505 730 2533 ducit
746 2505 884 2533 adulterat
899 2526 903 2531 .
916 2513 942 2533 et
960 2506 994 2533 de
1011 2506 1126 2534 maxilla

419 2553 572 2588 prebenda.

1426 740 1450 763 p.
1469 739 1516 762 915
1537 732 1655 763 Capitula
1673 733 1845 757 commentarii
1863 733 1940 757 sancti

1404 816 1473 839 illus.
1493 815 1538 838 Br.
1557 815 1634 839 llarl.
1655 820 1726 846 2790.

1185 899 1206 926 I.
1228 899 1272 926 De
1289 899 1436 927 natiuitate
1452 899 1500 927 dni
1516 900 1606 927 nostri
1622 899 1669 927 ihu
1685 900 1734 936 xpi
1750 900 1779 928 in
1795 901 1939 929 bethleem

1224 946 1316 974 iudae.

1182 1134 1219 1161 II.
1243 1133 1288 1162 De
1304 1143 1457 1172 magorum
1474 1135 1642 1163 muneribus
1660 1140 1688 1163 et
1707 1135 1849 1163 infantum
1866 1146 1938 1165 nece

1222 1181 1258 1208 ab
1278 1181 1383 1217 angelo
1406 1182 1606 1219 monitumque
1629 1182 1730 1219 ioseph
1751 1192 1818 1210 cum
1838 1183 1885 1211 ihu
1908 1185 1937 1211 in

1223 1235 1380 1265 aegyptum
1395 1228 1475 1265 fugit.

1182 1275 1236 1302 III.
1260 1275 1347 1304 Unde
1362 1285 1510 1313 regressus
1526 1276 1661 1304 nazareth
1676 1276 1761 1304 uenit.

1182 1369 1252 1398 IIII.
1272 1369 1317 1397 De
1333 1370 1504 1406 baptismate
1520 1370 1654 1399 iohannis
1666 1376 1693 1398 et
1709 1371 1767 1398 ihm
1781 1372 1817 1399 ab
1829 1371 1934 1400 eodem

1222 1417 1407 1453 baptizatum.

1181 1510 1215 1538 V.
1240 1511 1288 1539 Ihs
1312 1511 1349 1539 ab
1376 1514 1429 1548 spu
1455 1512 1484 1538 in
1509 1511 1623 1539 deserto
1649 1512 1752 1539 ductus
1779 1521 1795 1539 a
1819 1512 1935 1540 diabolo

1221 1564 1382 1595 temptatur.

1181 1605 1232 1634 VI.
1269 1606 1400 1634 Audiens
1446 1606 1603 1634 iohannem
1650 1606 1756 1634 carceri
1801 1606 1934 1635 traditum

1221 1653 1418 1689 capharnaum
1441 1653 1601 1681 secundum
1624 1653 1770 1680 habitauit.

1181 1840 1248 1868 VII.
1273 1841 1329 1869 Ubi
1347 1846 1460 1878 petrum
1476 1847 1503 1868 et
1526 1841 1662 1869 andream
1680 1841 1716 1868 ad
1739 1841 1932 1878 apostolatum

1176 1909 1179 1913 .
1220 1894 1312 1916 uocaL

1180 1981 1261 2009 VIII.
1285 1982 1321 2010 Et
1337 1982 1543 2010 beatitudinem
1559 1981 1652 2010 docet.

1181 2123 1280 2151 VIIII.
1303 2124 1347 2151 Ac
1370 2123 1438 2151 dicit
1462 2132 1520 2151 non
1543 2123 1608 2151 ueni
1632 2123 1742 2151 soluere
1765 2122 1858 2159 legem
1881 2122 1931 2151 sed

1221 2171 1377 2208 adimplere
1402 2180 1461 2199 non
1486 2171 1669 2199 irascendum
1696 2179 1754 2198 non
1778 2170 1931 2207 concupis-

1221 2218 1345 2245 cendum
1369 2224 1395 2246 et
1419 2218 1526 2254 reliqua
1550 2218 1782 2255 praecipientem.
