2209 3147
674 240 899 268 CAPITULA
928 239 1033 266 ALIA
1062 239 1121 266 IN
1140 238 1204 265 MA
1217 238 1418 267 TTHEUM.
1755 240 1815 278 685

454 333 513 355 Par.
527 332 582 354 Lat.
599 332 686 361 10438.

270 379 409 408 XLVIII.
433 379 476 407 De
499 388 534 408 eo
553 379 631 416 quod
653 380 682 407 in
704 380 794 416 patria
814 388 866 407 sua

309 426 393 454 docet
407 426 450 454 ihs
466 430 493 454 et
510 426 588 462 quod
600 425 700 453 fratres
713 430 739 453 et
753 434 866 453 sorores

309 473 502 500 nominantur.

270 518 425 547 XLVIIII.
435 518 480 546 De
493 519 584 555 capite
599 518 731 546 iohannis
743 519 771 546 in
784 518 864 546 disco

308 571 336 593 et
357 565 391 593 de
410 566 536 602 quinque
557 565 680 601 panibus
702 570 729 592 et
751 565 864 593 duobus

309 612 440 648 piscibus.

268 658 301 685 L.
323 658 370 686 De
390 668 425 687 eo
440 658 518 696 quod
535 658 578 686 ihs
599 667 685 695 super
706 668 782 686 mare
803 667 863 686 am-

309 705 417 733 bulauit
431 710 458 733 et
473 710 585 742 petrum
601 710 779 742 mergentem
795 705 864 733 alle-

308 752 387 788 gauit
399 757 427 780 et
438 752 516 789 quod
528 752 557 779 in
572 757 645 780 terra
658 761 863 788 gerasenorum

308 808 324 826 a
346 804 423 826 tactu
443 798 571 827 fimbriae
596 799 643 826 ihu
670 799 750 826 multi
774 800 862 827 curati

307 850 381 874 sunt.

267 891 316 920 LI.
339 892 383 920 De
399 901 434 920 eo
450 892 528 930 quod
544 897 715 921 accusantur
731 893 862 930 discipuli

307 939 386 976 quod
409 948 468 967 non
492 940 589 968 lauant
610 949 713 968 manus
735 945 763 967 et
784 940 863 977 quod

306 986 351 1013 ille
387 990 467 1014 extra
502 986 628 1015 docuerit
663 992 764 1024 peetus
801 997 862 1015 esse

306 1033 470 1061 lauandurn.

266 1126 330 1155 LII.
353 1126 398 1155 De
414 1136 449 1155 eo
465 1128 543 1165 quod
559 1128 683 1156 mulieris
698 1128 863 1156 chananeae

306 1173 393 1201 filiam
429 1183 445 1201 a
482 1175 637 1203 daemonio
666 1181 744 1203 curat
774 1181 801 1203 et
835 1175 863 1202 in

307 1226 405 1249 monte
421 1221 524 1250 sedens
539 1222 668 1250 infirmos
684 1227 772 1250 sanat.

266 1266 347 1295 LIII.
370 1267 415 1296 De
436 1278 470 1296 eo
490 1269 568 1306 quod
592 1269 627 1297 de
650 1274 761 1306 septem
784 1269 863 1306 pani-

307 1315 361 1343 bus
386 1319 414 1343 et
443 1316 542 1352 paucis
572 1316 715 1353 pisciculis
741 1321 863 1353 quatuor

308 1361 386 1389 milia
401 1362 486 1399 pauit.

267 1502 363 1530 LIIII.
399 1503 445 1532 De
481 1504 649 1542 episcopatu
678 1504 749 1541 petri
779 1513 864 1541 super

306 1555 423 1586 petram.

267 1831 331 1861 LV.
356 1832 400 1860 De
416 1842 451 1861 eo
467 1833 544 1870 quod
560 1838 657 1870 petrus
673 1834 708 1861 de
723 1833 863 1870 passionis

307 1880 409 1908 timore
424 1880 587 1917 increpatur
602 1886 628 1909 et
644 1881 721 1918 quod
737 1881 804 1909 dicit
820 1881 863 1909 ihs

308 1927 356 1964 qui
380 1927 441 1955 uult
465 1937 511 1956 me
541 1929 623 1965 sequi
647 1928 723 1957 tollat
748 1938 862 1957 crucem

308 1983 387 2002 suam
420 1980 448 2002 et
476 1980 615 2012 sequatur
643 1985 689 2003 me
718 1981 745 2004 et
775 1985 861 2013 quam

308 2021 386 2049 dabit
414 2021 504 2050 homo
530 2023 785 2051 commutationem
811 2032 863 2059 pro

307 2077 403 2096 anima
419 2077 477 2096 sua.

266 2114 345 2143 LVI.
368 2114 413 2143 De
441 2125 476 2144 eo
504 2116 583 2153 quod
612 2116 641 2144 in
670 2122 769 2145 monte
798 2122 863 2145 ante

308 2162 419 2198 aliquos
476 2171 593 2191 suorum
657 2163 863 2200 discipulorum

308 2207 531 2244 transfiguratur.

268 2300 363 2329 LVII.
410 2300 455 2328 De
491 2310 581 2338 puero
616 2302 743 2330 lunatico
775 2312 863 2339 quem

309 2347 418 2375 curauit
440 2352 467 2376 et
484 2348 563 2385 quod
584 2348 650 2377 dicit
673 2349 695 2377 si
710 2349 864 2378 habueritis

307 2393 404 2422 fidem.

1066 330 1195 353 Hilarius.

960 377 1077 406 Ioannis
1093 377 1185 413 eapite
1205 377 1233 404 in
1254 376 1341 404 disco.

959 423 1004 451 De
1023 424 1151 460 quinque
1171 424 1294 460 panibus
1315 428 1341 450 et

959 471 1072 498 duobus
1099 470 1236 506 piscibus.
1284 469 1341 497 Ubi

958 526 1043 553 super
1063 525 1143 544 mare
1166 516 1340 551 ambulabat,

957 567 985 590 et
1039 563 1156 591 Petrum
1213 571 1340 590 mersum

958 610 1054 637 erexit.

915 893 980 921 XV.
994 893 1039 922 De
1055 894 1185 922 lauandis
1198 895 1339 923 manibus.

956 941 993 968 Et
1017 950 1077 969 non
1103 950 1136 969 ea
1159 950 1233 978 quae
1256 942 1285 968 in
1307 950 1340 969 os

956 988 1070 1023 intrant,
1087 988 1137 1016 sed
1158 998 1192 1016 ea
1212 997 1286 1026 quae
1304 998 1340 1016 ex

957 1044 1005 1063 ore
1042 1040 1148 1063 exeunt
1180 1035 1340 1072 inquinare.

957 1082 1002 1110 De
1046 1083 1104 1110 filia
1147 1082 1340 1111 Chananaeae

957 1130 1092 1158 mulieris.
1148 1129 1194 1157 De
1231 1135 1340 1166 septem

957 1177 1081 1213 panibus
1107 1181 1134 1204 et
1157 1177 1257 1213 paucis
1284 1176 1340 1213 pis-

957 1224 1045 1251 cibus.

917 1370 998 1398 XVI.
1023 1370 1069 1398 De
1082 1370 1170 1398 Ionae
1182 1369 1339 1407 prophetae

959 1418 1051 1454 signo.
1117 1417 1162 1445 De
1199 1417 1339 1445 fermento

958 1464 1182 1502 pharisaeorum,
1213 1468 1240 1491 et
1271 1472 1340 1492 con-

959 1511 1082 1540 fessione
1132 1511 1217 1539 Petri.
1295 1510 1340 1538 De

958 1559 1159 1587 benedictione
1178 1558 1296 1592 dominiy
1313 1563 1340 1586 et

958 1606 993 1634 de
1026 1614 1055 1633 se
1088 1605 1262 1642 abnegando
1291 1605 1339 1642 qui

959 1652 1106 1681 Christum
1118 1653 1199 1689 sequi
1209 1652 1339 1680 uoluerit.

917 2123 1013 2151 XVII.
1036 2122 1095 2151 Ubi
1111 2123 1139 2150 in
1160 2128 1259 2150 monte
1274 2131 1339 2150 cum

959 2170 1062 2207 Moyse
1077 2175 1105 2198 et
1118 2170 1203 2198 Helia
1218 2169 1339 2203 uidetur,

957 2222 984 2245 et
998 2226 1056 2245 uox
1073 2217 1107 2244 de
1120 2216 1203 2244 coelo
1219 2216 1339 2244 auditur.

958 2264 1017 2292 Ubi
1038 2272 1159 2301 puerum
1182 2263 1339 2291 lunaticum

957 2311 1054 2339 saluat.
1098 2310 1141 2338 De
1160 2310 1339 2338 credentium

958 2357 1022 2386 fide.
1086 2357 1131 2385 De
1172 2357 1339 2386 didrachma

958 2405 1111 2441 postulata,
1130 2410 1157 2432 et
1181 2410 1284 2433 statere
1311 2405 1339 2432 in

958 2461 1005 2480 ore
1022 2452 1107 2489 piscis
1123 2452 1249 2479 inuento.

1480 331 1599 353 Rabanns
1616 332 1733 354 Maurus.

1394 517 1475 545 XIV.
1502 517 1640 545 Narratur
1663 518 1816 547 decollatio

1434 564 1552 592 Ioannis
1574 564 1729 601 Baptistae,
1749 574 1816 593 cum

1433 611 1572 639 miraculo
1605 612 1732 649 quinque
1764 622 1815 649 pa-

1432 667 1513 691 num,
1554 663 1581 686 et
1621 658 1816 687 ambulatione

1434 713 1520 741 super
1536 714 1634 742 aquas,
1650 708 1695 733 etc.

1394 897 1459 925 XV.
1475 898 1522 926 Ad
1532 898 1699 926 Pharisaeos
1710 908 1814 934 sermo,

1434 944 1469 972 de
1491 954 1526 973 eo
1550 945 1627 982 quod
1648 946 1815 983 coinquinat

1393 994 1395 996 â€™
1434 991 1591 1019 hominem.
1629 992 1715 1020 Sanat
1727 992 1815 1020 filiam

1436 1038 1663 1075 Syrophenissae
1689 1044 1716 1067 et
1745 1039 1816 1067 alios

1434 1086 1508 1112 male
1548 1085 1685 1113 affectos:
1734 1086 1816 1113 satiat

1434 1137 1543 1168 septem
1558 1133 1679 1168 panibus
1692 1138 1817 1169 quatuor

1434 1179 1521 1206 millia
1537 1178 1696 1207 hominum.

1394 1372 1474 1400 XVI.
1489 1404 1496 1411 â´
1512 1373 1556 1400 De
1593 1373 1725 1401 cauendo
1761 1372 1815 1401 fer-

1434 1425 1532 1447 mento
1586 1420 1814 1447 Pharisaeorum.

1435 1467 1478 1495 De
1496 1467 1675 1495 confessione
1692 1467 1774 1501 Petri,
1787 1472 1815 1495 et

1434 1524 1469 1542 eo
1481 1514 1619 1551 increpito
1630 1523 1666 1541 ne
1679 1513 1815 1542 scandalo

1434 1561 1476 1594 sit,
1492 1565 1537 1588 ele.

1392 2125 1490 2153 XVII.
1506 2125 1539 2153 In
1552 2130 1651 2153 monte
1662 2125 1816 2162 transfigu-

1433 2178 1509 2200 ratur
1542 2172 1687 2200 Dominus
1716 2181 1813 2200 coram

1434 2219 1592 2256 discipulis,
1628 2225 1654 2247 et
1690 2218 1753 2247 Elia
1787 2224 1815 2246 et

1435 2265 1548 2302 Moyse.
1640 2265 1814 2293 Lunaticum

1434 2318 1523 2341 curat.
1567 2313 1652 2341 Petro
1668 2313 1745 2340 iubet
1762 2320 1815 2349 pro

1436 2368 1465 2388 se
1482 2364 1509 2387 et
1525 2359 1573 2387 illo
1589 2360 1655 2387 dare
1671 2368 1797 2387 censum.
