2258 3157
406 622 472 661 IN
523 621 649 661 HOC
698 620 897 660 PRIMO
948 606 1297 659 UOLUMINE
1345 619 1588 660 INSUNT
1635 619 1803 659 HAEC

1796 767 1856 785 PAG.

359 805 538 830 PRAEFATIO
559 809 727 830 EDITORUM
749 804 1059 830 PROLEGOMENORUM
1080 810 1157 829 Loco
1178 804 1372 829 EUANGELIIS
1393 803 1590 829 PRAEMISSA.
1822 803 1858 829 vii

465 857 534 882 CAP.
596 856 616 882 I.
643 856 687 882 De
701 855 793 889 operis
806 855 914 881 ratione
928 860 955 881 et
969 855 1002 881 de
1016 855 1223 881 difficultatibus
1237 855 1295 882 eius
1822 854 1859 880 vii

578 909 614 935 ΙΙ.
641 908 686 934 De
699 908 836 934 editorum
850 907 983 934 societate
997 908 1068 934 inter
1082 916 1111 934 se
1124 912 1151 934 et
1165 907 1199 933 de
1214 908 1267 933 illis
1280 907 1326 942 qui
1340 916 1390 933 nos
1404 907 1569 933 adiuuerunt
1588 929 1592 933 .
1814 907 1858 933 viii

557 961 583 986 II
591 961 611 987 Ι.
638 960 773 986 Codicum
783 959 1033 993 manuscriptorum
1044 960 1174 986 elenchus
1186 968 1254 993 quos
1265 959 1292 985 in
1303 959 1454 993 euangeliis
1466 965 1598 993 perpetuo
1609 959 1726 985 citamus
1740 980 1746 986 .
1841 969 1856 984 x

493 1032 508 1045 ‚,
568 1013 614 1039 IV.
642 1014 685 1039 De
696 1012 817 1038 editione
829 1012 887 1038 Ric.
898 1011 1024 1043 Bentleii,
1036 1020 1098 1037 cum
1109 1017 1258 1046 conspectu
1269 1012 1394 1038 lectionis
1407 1011 1586 1038 Bentleianae
1597 1016 1624 1038 et
1635 1012 1752 1038 elencho

710 1056 837 1082 codicum
852 1056 879 1081 in
893 1055 951 1082 eius
966 1064 1046 1081 usum
1060 1055 1087 1081 in
1101 1055 1263 1089 Euangeliis
1277 1056 1440 1082 collatorum
1824 1065 1859 1081 xv

580 1107 612 1133 V.
639 1106 757 1132 Codices
771 1105 815 1132 alii
830 1105 1010 1139 manuscripti
1025 1105 1053 1130 in
1066 1105 1168 1131 notulis
1182 1105 1284 1131 nostris
1302 1105 1421 1131 subinde
1435 1105 1510 1132 citati
1743 1127 1746 1132 .
1776 1105 1858 1131 xxviii

494 1178 508 1190 ‚‚
565 1159 613 1185 VI.
641 1158 788 1184 Editiones
802 1157 967 1192 praecipuae
981 1157 1092 1191 saepius
1105 1166 1121 1183 a
1135 1157 1215 1184 nobis
1230 1158 1272 1183 uel
1286 1162 1419 1191 perpetuo
1433 1158 1534 1185 citatae
1583 1180 1587 1185 .
1742 1180 1746 1184 .
1777 1158 1858 1184 xxviii

492 1231 507 1243 ,‚
545 1211 611 1238 V11.
637 1211 784 1236 Editiones
797 1210 876 1241 aliae,
891 1218 977 1243 penes
991 1218 1050 1241 nos,
1065 1209 1093 1234 in
1106 1209 1173 1235 locis
1188 1209 1388 1235 difficilioribus
1401 1210 1502 1236 citatae
1747 1231 1751 1236 .
1799 1210 1859 1236 xxix

493 1283 509 1295 „
529 1263 610 1290 VIII.
639 1263 751 1289 Ueteris
762 1262 898 1288 uersionis
911 1262 953 1288 uel
965 1267 1089 1287 ueterum
1102 1261 1259 1287 uersionum
1270 1261 1418 1288 latinarum
1427 1262 1538 1289 codices
1550 1262 1577 1288 in
1587 1262 1751 1296 Euangeliis

711 1312 785 1333 citatl
1744 1327 1749 1333 .
1799 1315 1859 1332 >mu

566 1360 613 1386 IX.
641 1360 685 1385 De
699 1365 786 1385 textus
801 1359 886 1385 nostri
901 1360 990 1385 formu
1033 1381 1037 1385 .
1744 1380 1749 1385 ,
1780 1358 1859 1384 xxxiii

579 1412 613 1438 X.
641 1413 685 1437 De
698 1412 856 1437 notularum
870 1417 1027 1438 nostrarum
1040 1412 1128 1437 forma
1742 1432 1747 1437 .
1780 1411 1857 1437 mxiv

491 1483 507 1496 ‚‚
563 1464 612 1490 XI.
641 1464 774 1489 Delectus
788 1464 945 1489 notularum
960 1464 1070 1489 lectoris
1083 1469 1180 1489 notatu
1194 1464 1351 1497 digniorum
1740 1485 1744 1489 .
1777 1463 1856 1488 xxxiv

500 1536 506 1548 ‚
548 1516 614 1542 XII.
641 1516 685 1541 De
699 1516 897 1549 orthographia
910 1515 1012 1541 codicis
1028 1515 1163 1541 Cauensis
1190 1537 1195 1542 .
1742 1537 1747 1541 .
1768 1515 1856 1541 xxxvii

638 1567 772 1601 Epilogus
795 1589 801 1594 .
1112 1589 1116 1593 .
1743 1589 1748 1594 .
1768 1567 1857 1593 xxxvii

636 1611 809 1637 Testimonia
823 1611 908 1644 ipsius
925 1611 1089 1644 Hieronymi
1103 1611 1137 1637 de
1151 1620 1233 1645 opere
1247 1620 1296 1637 suo
1343 1633 1348 1638 .
1740 1633 1744 1637 .
1757 1611 1855 1637 xxxviii

356 1671 513 1698 EPISTULA
532 1678 574 1697 AD
596 1672 764 1698 DAMASUM.
804 1673 931 1697 ‘Nouum
948 1680 1017 1705 opus
1030 1672 1137 1704 sacere‚’
1152 1677 1204 1698 etc.
1846 1680 1856 1698 1

461 1725 620 1749 Monitum
634 1725 844 1755 Anonymum.
877 1723 883 1736 ¹
895 1723 1045 1750 Sciendum
1060 1723 1145 1750 etiam
1159 1732 1193 1750 ne
1207 1724 1267 1757 quis
1282 1724 1424 1757 ignarum‚⁷
1437 1729 1488 1751 etc.
1509 1746 1514 1750 .
1843 1730 1856 1758 5

462 1776 593 1801 Eusebii
607 1776 753 1806 Epistula
766 1777 806 1801 ad
820 1777 1019 1806 Carpianum.
1052 1776 1058 1788 ‘
1069 1776 1207 1802 Eusebius
1222 1776 1360 1810 Carpiano
1374 1776 1467 1809 fratri,'
1481 1782 1532 1803 etc.
1842 1776 1858 1802 6

357 1836 506 1861 CANONES
528 1835 595 1862 I-X.
639 1856 645 1861 .
1843 1844 1857 1869 7

354 1896 520 1922 PROLOGUS
540 1901 581 1921 EX
601 1901 833 1922 COMMENTAmo
854 1896 880 1922 S.
900 1897 1088 1922 HIERONYMI
1110 1903 1143 1922 IN
1164 1897 1358 1924 MArrHEUM.
1396 1898 1509 1924 ‘Plures
1522 1897 1623 1929 fuisse,'
1638 1902 1688 1924 etc.
1827 1904 1854 1922 11

459 1949 618 1974 Praefatio
637 1949 688 1973 uel
708 1951 927 1979 argumentum
947 1950 1081 1974 matthei
1100 1948 1186 1982 ignoti
1206 1948 1326 1975 auctoris
1345 1950 1463 1976 fortasse
1482 1959 1514 1976 ex
1534 1950 1644 1976 Graeco
1663 1958 1750 1976 uersa.

532 1992 539 2003 ‘
550 1991 693 2017 Mattheus
707 2000 739 2017 ex
755 1992 884 2024 Iudaeis,'
899 1997 951 2018 etc.
1035 2013 1040 2017 .
1113 2013 1119 2019 .
1193 2014 1198 2019 .
1271 2014 1276 2019 .
1350 2015 1355 2020 .
1429 2015 1435 2020 .
1510 2015 1515 2020 .
1588 2014 1593 2019 .
1665 2014 1670 2020 .
1745 2014 1751 2019 .
1827 1998 1856 2025 15

462 2045 608 2074 capitula
626 2044 660 2069 in
679 2045 887 2074 Euangelium
908 2046 1080 2070 seeundum
1099 2046 1277 2071 Mattheum
1297 2045 1323 2071 in
1345 2054 1391 2071 sex
1412 2046 1555 2072 columnas
1575 2045 1683 2071 diuisa:
1713 2044 1751 2077 (1)

531 2087 647 2117 AUVY,
678 2086 716 2120 (2)
738 2088 759 2113 C
786 2087 922 2120 Thomas„
950 2087 988 2121 (3)
1015 2088 1143 2114 BHGJT
1169 2097 1229 2114 aur.
1251 2089 1338 2115 Harl.
1359 2096 1436 2121 2797,
1460 2088 1497 2122 (4)
1527 2089 1653 2121 ΒΞΡΟΩ,
1675 2088 1713 2121 (5)
1735 2087 1751 2113 J

534 2129 660 2163 (breues),
677 2131 715 2163 (6)
732 2131 766 2156 K.
796 2151 802 2156 .
877 2152 880 2156 .
955 2152 959 2156 .
1034 2153 1038 2157 .
1114 2152 1118 2156 .
1193 2152 1197 2156 .
1272 2152 1276 2157 .
1349 2154 1354 2159 .
1428 2153 1433 2158 .
1508 2154 1512 2158 .
1587 2153 1592 2158 .
1666 2153 1670 2158 .
1745 2152 1749 2156 .
1828 2133 1856 2158 18

461 2184 593 2208 Initium
613 2184 779 2214 Euangelii
799 2185 971 2209 seeundum
990 2185 1169 2209 Mattheum
1189 2193 1221 2210 ex
1240 2185 1336 2210 codice
1357 2184 1591 2217 Sangermanensi
1613 2185 1673 2210 Par.
1693 2185 1750 2210 Lat.

536 2231 618 2258 11553
635 2225 688 2259 (gl)
703 2235 708 2251 ι
729 2226 794 2252 item
808 2235 840 2252 ex
854 2227 949 2253 codice
964 2227 1136 2260 Sangallensi
1151 2235 1185 2260 49
1270 2248 1274 2252 .
1350 2248 1354 2252 .
1430 2249 1433 2253 .
1508 2249 1511 2253 .
1587 2248 1591 2253 .
1666 2249 1670 2253 .
1746 2246 1751 2253 .
1823 2235 1858 2260 40

356 2286 629 2313 EUANGELIUM
652 2286 880 2313 SECUNDUM
904 2288 1138 2313 MATTHEUM
1752 2295 1858 2320 41—170

461 2338 617 2363 Praefatio
636 2340 687 2363 uel
707 2342 926 2369 argumentum
946 2341 1065 2370 Ματρὶς
1094 2338 1225 2365 ‘Marcus
1245 2340 1433 2373 euangelista:
1448 2346 1498 2366 etc.
1738 2347 1856 2373 171—173

462 2391 609 2421 capitula
627 2392 660 2415 in
674 2392 873 2421 euangelium
889 2393 1060 2416 seeundum
1075 2393 1218 2417 Marcum
1232 2391 1258 2417 in
1274 2392 1394 2425 quinque
1408 2393 1550 2418 columnas
1565 2392 1669 2418 diuis-11:

534 2432 572 2466 (ι)
594 2434 712 2463 AHVY,
735 2432 773 2467 (2)
796 2434 873 2460 COT
892 2434 977 2460 Harl.
997 2440 1072 2467 2797,
1095 2432 1133 2468 (3)
1157 2434 1186 2460 Ι]
1208 2435 1323 2468 (breues)
1346 2436 1399 2461 ΟΧ
1420 2436 1488 2461 Par.
1509 2437 1558 2461 lat.
1578 2437 1669 2469 10438,

535 2476 572 2509 (4)
596 2476 732 2509 ΒΞΡΟᾸΩ
754 2476 850 2509 (aun),
872 2477 910 2510 (5)
934 2478 958 2503 K
980 2478 1065 2503 Harl.
1086 2485 1155 2510 2790
1174 2479 1266 2504 lVam‘.
1287 2479 1383 2504 Eamb.
1426 2500 1430 2505 .
1737 2481 1854 2512 174—187

464 2521 506 2546 De
520 2529 657 2546 canonum
672 2520 793 2546 numeris
808 2520 833 2546 in
849 2521 902 2546 fine
917 2521 1051 2554 euangelii
1066 2522 1218 2548 secundum
1235 2523 1361 2548 Marcum
1427 2543 1431 2548 .
1507 2543 1510 2547 .
1586 2544 1589 2547 .
1664 2545 1667 2548 Α
1808 2524 1855 2549 188

356 2581 631 2607 EUANGELIUM
657 2581 885 2607 SECUNDUM
910 2582 1084 2608 MARCUM
1110 2602 1115 2606 .
1737 2585 1854 2616 189—268
