2209 3147
680 255 906 284 CAPITULA
934 256 1041 283 ALIA
1070 256 1129 283 JN
1148 256 1424 285 MATTHEUM

460 347 520 370 Par.
533 347 590 369 Lat.
606 346 692 375 10438.

318 394 415 421 ficiunt
430 394 533 421 missos
548 394 585 421 ad
601 402 639 421 se.

276 440 367 468 LXX.
390 439 435 467 De
450 449 517 476 rege
533 440 581 476 qui
597 439 663 467 fecit
684 440 799 476 nuptias
815 440 873 468 filio

315 491 343 514 et
365 486 401 513 de
422 495 457 514 eo
480 486 528 522 qui
551 495 610 514 non
640 485 739 513 habuit
761 491 872 514 uestem

315 533 481 569 nuptialem.

274 626 381 654 LXXI.
415 626 459 653 De
488 626 674 662 inscriptione
705 627 815 653 nummi
845 631 872 654 et

314 672 439 709 imagine
455 672 584 700 caesaris.

272 765 396 793 LXXII.
423 765 466 793 De
492 771 603 801 septem
626 765 759 793 fratribus
783 775 870 793 unam

313 821 435 840 uxorem
451 812 630 840 ducentibus.

271 859 412 887 LXXIII.
446 858 491 886 De
514 868 549 887 eo
573 859 652 896 quod
680 860 870 896 interrogatur

310 906 346 934 de
361 909 420 942 xpo
436 906 516 934 cuius
533 906 607 934 filius
623 906 666 933 sit.

270 952 425 981 LXXIIII.
457 952 502 980 De
532 962 567 980 eo
591 952 670 989 quod
696 953 766 980 dicit
789 953 868 990 quod

309 1000 410 1027 farisae
428 1000 526 1027 dicunt
542 999 626 1027 facite
644 1021 649 1027 .
666 1000 745 1037 quod
760 1000 868 1028 faciunt

308 1047 400 1075 facere
421 1047 507 1075 nolite
530 1052 557 1075 et
580 1057 617 1075 ne
639 1048 784 1075 uocemini
806 1057 867 1076 ma-

308 1095 395 1131 gistri.

268 1140 390 1168 LXXV.
401 1141 446 1168 De
456 1141 601 1177 proselyto
612 1146 639 1169 et
650 1141 685 1169 de
695 1142 866 1171 iuramento.

307 1194 335 1216 et
357 1189 393 1216 de
408 1188 519 1216 camelo
534 1193 561 1216 et
577 1188 667 1216 culice
687 1194 715 1216 et
731 1189 766 1216 de
788 1189 865 1216 laua-

307 1235 383 1263 tione
399 1235 495 1263 calicis
510 1240 537 1262 et
552 1235 639 1262 catini
657 1241 684 1263 et
705 1235 740 1263 de
762 1244 865 1264 monu-

307 1282 411 1309 mentis
426 1281 572 1309 dealbatis.

266 1329 403 1357 LXXVI.
428 1329 473 1356 De
499 1329 671 1357 hierusalem
695 1329 772 1365 quod
799 1339 865 1366 pro-

307 1376 426 1413 phaetas
442 1376 586 1404 occiderit.

265 1423 418 1451 LXXVII.
440 1422 485 1450 De
501 1422 694 1451 destructione
714 1424 815 1460 templi
838 1429 865 1451 et

306 1470 341 1498 de
362 1469 644 1506 pseudoprophaetis
658 1475 686 1498 et
701 1471 864 1498 nouissimis

306 1517 492 1553 temporibus.

264 1563 434 1591 LXXVIII.
457 1563 502 1591 De
518 1563 700 1592 tribulatione
713 1564 825 1592 dierum
837 1570 864 1592 et

306 1611 341 1639 de
368 1611 456 1648 signis
478 1620 552 1647 quae
576 1617 657 1638 erant
681 1611 710 1638 in
733 1611 814 1639 caelo
837 1616 863 1639 et

304 1658 384 1695 quod
407 1658 466 1686 dies
488 1663 515 1686 et
538 1658 609 1685 hora
632 1658 756 1686 nescitur
778 1664 805 1686 et
828 1658 863 1686 de

305 1714 389 1733 seruo
427 1714 515 1742 quem
550 1704 604 1732 dfis
645 1705 787 1733 inuenerit
823 1706 863 1733 sic

304 1752 465 1780 facientem.

262 1845 446 1873 LXXVIIII.
472 1845 517 1873 De
533 1845 633 1873 decern
654 1846 815 1882 uirginibus
835 1853 862 1874 et

303 1893 415 1921 talentis
431 1893 520 1920 seruis
536 1891 652 1920 traditis.

260 2268 381 2297 LXXX.
415 2268 459 2297 De
483 2270 680 2307 segregatione
707 2270 806 2297 ouium
830 2276 856 2298 et

299 2317 466 2345 haedorum.

259 2362 396 2390 LXXXI.
420 2363 465 2391 De
480 2372 514 2391 eo
531 2364 609 2400 quod
622 2364 687 2392 dicit
703 2364 757 2391 (1á¿†5
773 2364 856 2392 disci-

300 2411 373 2447 pulis
389 2410 467 2447 quod
482 2411 588 2447 pascha
605 2417 671 2447 post
687 2411 805 2439 biduum
822 2412 855 2439 sit

298 2463 325 2485 et
340 2457 375 2484 de
394 2457 511 2485 muliere
527 2466 600 2494 quae
621 2463 770 2494 unguento
792 2467 855 2494 per-

289 2549 433 2572 LXXVIII.
453 2552 533 2572 erant
544 2549 578 2572 sic
589 2549 666 2573 codex.

1072 347 1201 370 Hilarius.

967 396 1071 423 missos
1089 395 1125 422 ad
1147 404 1176 422 se
1192 396 1231 422 ob
1249 396 1349 432 recipi-

967 442 1057 469 endos
1106 440 1212 468 fructus
1262 442 1349 469 inter-

966 487 1073 515 ficiunt.
1145 487 1190 514 De
1223 488 1349 515 inuitatis

966 534 1145 570 promiscuis,
1162 539 1189 562 et
1212 534 1247 561 de
1268 539 1349 562 ueste

966 580 1094 617 nuptiali.

927 627 1040 655 XXIII.
1060 627 1104 655 De
1114 628 1218 655 tributo
1231 628 1348 656 Caesari

966 674 1071 708 dando,
1101 680 1128 702 et
1158 675 1193 702 de
1223 675 1348 711 imagine

966 720 1108 749 Caesaris.
1161 721 1205 749 De
1244 722 1347 749 eadem

965 773 1076 804 septem
1098 768 1217 796 fratrum
1248 777 1346 797 uxore.

965 815 1009 842 De
1036 815 1178 843 mandatis
1204 816 1346 843 maximis.

964 862 1008 889 De
1025 862 1121 890 Dauid
1138 863 1204 891 filio.

922 956 1049 984 XXIIII.
1064 956 1107 985 De
1115 957 1345 994 cathedraMoy-

963 1004 993 1036 si,
1011 1013 1195 1041 superquam
1211 1004 1345 1032 sederunt

962 1051 1070 1079 scribae
1083 1056 1109 1079 et
1122 1051 1274 1088 pharisaei.
1299 1051 1344 1080 De

961 1098 1059 1126 clauso
1074 1099 1111 1126 ab
1130 1098 1231 1126 iisdem
1253 1108 1344 1135 regno

961 1145 1117 1173 coelorum.
1146 1145 1183 1173 Et
1194 1145 1231 1174 ab
1242 1146 1343 1173 iisdem

961 1193 1075 1220 comedi
1105 1193 1209 1220 domos
1241 1193 1341 1220 uidua-

960 1249 1032 1273 rum,
1054 1244 1081 1267 et
1103 1240 1341 1267 circumeuntium

960 1295 1038 1314 mare
1062 1292 1088 1314 et
1112 1287 1199 1314 arida.
1243 1287 1279 1314 Et
1302 1287 1342 1314 di-

959 1334 1111 1361 centibus:
1166 1332 1342 1371 Quicunque

959 1380 1093 1408 iurauerit
1103 1381 1131 1408 in
1141 1381 1259 1417 templo,
1272 1381 1342 1408 nihil

959 1432 1009 1455 est.
1052 1427 1089 1455 Et
1113 1428 1148 1455 de
1175 1428 1341 1456 decimanti-

959 1475 1012 1502 bus
1028 1480 1155 1502 mentam
1172 1479 1199 1502 et
1214 1479 1340 1503 anetum.

958 1521 996 1549 Et
1014 1522 1229 1550 aedificantibus
1246 1523 1340 1559 sepul-

959 1568 1027 1596 chra
1045 1568 1260 1605 prophetarum.
1302 1569 1340 1597 Et

959 1616 994 1643 de
1039 1616 1231 1650 Hierusalem,
1266 1625 1340 1653 quae

959 1663 1089 1691 interficit
1118 1663 1283 1699 prophetas,
1313 1669 1340 1691 et

958 1710 1065 1746 lapidat
1091 1719 1142 1738 eos
1165 1711 1214 1747 qui
1243 1710 1279 1738 ad
1309 1720 1339 1738 se

957 1757 1034 1784 missi
1050 1762 1124 1785 sunt.

917 1803 1012 1831 XXV.
1031 1803 1076 1831 De
1089 1809 1228 1832 structura
1238 1804 1338 1841 templi

956 1851 1197 1887 interrogantibus
1213 1851 1337 1888 discipu-

955 1898 995 1925 lis.
1039 1898 1076 1925 Et
1098 1898 1134 1926 de
1160 1898 1213 1932 his,
1236 1899 1285 1935 qui
1309 1899 1337 1926 in

954 1951 1029 1973 tecto
1053 1952 1126 1979 sunt,
1153 1955 1190 1973 ne
1216 1946 1336 1974 descen-

954 1992 1023 2020 dant
1048 1993 1144 2021 tollere
1171 1993 1277 2029 aliquid
1300 1993 1335 2021 de

955 2040 1051 2074 domo,
1077 2045 1103 2068 et
1133 2040 1181 2077 qui
1211 2040 1239 2067 in
1265 2049 1335 2077 agro

953 2092 1026 2120 sunt,
1040 2096 1075 2114 ne
1088 2093 1266 2115 reuertantur
1281 2088 1335 2115 tol-

953 2134 1007 2161 lere
1023 2134 1151 2162 tunicam
1164 2144 1254 2162 suam.
1298 2135 1334 2162 Et

951 2181 987 2208 de
1000 2182 1225 2218 praegnantibus
1238 2187 1265 2209 et
1281 2191 1333 2209 nu-

951 2228 1108 2257 trientibus.

911 2274 1020 2302 XXVI.
1038 2274 1082 2303 De
1095 2275 1154 2303 sole
1167 2276 1331 2309 obscurato,

950 2327 977 2349 et
992 2321 1060 2350 luna
1077 2327 1104 2350 et
1119 2322 1216 2351 stellis.

910 2368 1036 2396 XXVII.
1067 2369 1112 2397 De
1142 2378 1226 2397 seruo
1256 2370 1331 2398 fideli

949 2416 1331 2452 quemconstituitdominus

950 2471 1035 2499 super
1066 2462 1203 2490 familiam
1240 2472 1329 2491 suam.

1766 255 1826 296 689

1488 347 1608 369 Rabanus
1625 347 1744 369 stlaurus.

1444 394 1493 430 qui
1521 393 1585 421 fecit
1619 395 1733 430 nuptias
1747 405 1753 429 Ï‚
1790 395 1826 423 de

1443 449 1530 468 censu
1543 440 1673 468 Caesaris
1685 450 1692 475 3
1715 441 1749 468 de
1765 450 1824 469 mu-

1442 487 1509 514 liere
1539 487 1587 524 qui
1620 485 1684 524 (sic)
1713 493 1825 524 septem

1443 533 1544 561 fratres
1560 534 1677 568 habuitÍ¾
1701 540 1728 562 et
1743 535 1824 563 cuius

1442 579 1515 607 filius
1532 581 1566 608 sit
1581 580 1719 609 Christus.

1397 1148 1509 1176 XXIII.
1536 1150 1654 1178 Instruit
1676 1151 1820 1180 Dominus

1437 1196 1535 1224 turbas
1557 1203 1584 1224 et
1607 1197 1761 1234 discipulos
1784 1198 1820 1226 de

1439 1242 1544 1271 Scribis
1580 1249 1607 1272 et
1643 1244 1818 1280 PharisaeisÍ¾

1437 1290 1564 1327 increpat
1625 1291 1741 1320 Scribas
1792 1298 1820 1320 et

1436 1337 1605 1366 Pharisaeos
1617 1339 1713 1367 multis
1725 1339 1820 1367 modis

1435 1384 1613 1421 increpando
1648 1385 1718 1414 Uae.
1763 1386 1819 1414 Ex-

1435 1432 1552 1468 probrat
1568 1432 1724 1461 Ierusalem
1741 1434 1818 1462 occi-

1435 1478 1546 1506 sionem
1563 1479 1778 1516 prophetarumâ·
1791 1486 1818 1509 et

1435 1526 1575 1561 praedicit
1587 1527 1648 1554 eius
1664 1527 1817 1555 interitum.

1394 1572 1504 1600 XXIV.
1527 1573 1573 1601 De
1589 1579 1730 1602 structura
1746 1579 1816 1603 temâ€”

1433 1619 1472 1656 pli
1491 1625 1518 1648 et
1538 1620 1625 1658 signis
1641 1621 1817 1650 nouissimo-

1433 1675 1496 1694 rum
1512 1667 1631 1699 dierum,
1644 1673 1671 1696 et
1689 1668 1816 1697 aduentu

1434 1713 1607 1749 SaluatorisÍ¾
1637 1715 1672 1742 de
1695 1715 1815 1752 uigilan-

1432 1761 1470 1788 tia
1485 1761 1560 1789 serui
1576 1762 1652 1796 boni,
1667 1767 1694 1789 et
1709 1771 1815 1791 occasu

1432 1807 1649 1843 elementorum,
1666 1813 1712 1837 etc.

1389 1854 1485 1882 XXV.
1508 1855 1649 1884 Parabola
1665 1857 1700 1884 de
1712 1856 1814 1885 decem

1429 1903 1596 1939 uirginibus,
1614 1904 1648 1931 de
1664 1904 1769 1932 ouibus
1786 1910 1814 1932 et

1429 1949 1537 1984 haedis,
1554 1950 1590 1978 de
1610 1951 1745 1987 operibus
1763 1960 1812 1980 eo-

1430 2006 1502 2031 rum,
1521 1997 1556 2025 de
1578 1998 1666 2026 seruis
1683 1998 1766 2035 frugi,
1785 2004 1813 2027 et

1429 2044 1521 2081 pigro,
1537 2048 1581 2072 etc.

1384 2366 1494 2394 XXVI.
1517 2366 1561 2395 De
1584 2367 1756 2396 Iudaeorum
1779 2368 1807 2395 in

1424 2423 1525 2441 necem
1547 2413 1652 2443 Christi
1676 2414 1805 2449 consilio,

1424 2460 1460 2488 de
1486 2470 1577 2489 coena
1603 2461 1631 2488 in
1658 2461 1805 2497 Bethania,
