2209 3147
217 249 312 273 XVIII.
327 241 434 281 12—19.]
520 241 842 271 EUANGELJUM
861 240 946 270 SEC
953 241 1120 269 UNDUM
1141 241 1207 270 MA
1217 242 1419 273 TTHECUI.
1665 250 1724 283 115

215 333 248 359 et
265 328 356 359 uadit
373 338 526 367 quaerere
543 337 615 358 eam
632 337 716 366 quae
733 325 874 356 errauit?

179 388 205 407 13
217 386 248 411 et
265 381 291 410 si
309 380 482 420 contigerit
499 385 534 409 ut
551 379 695 409 inueniat
712 388 785 408 eam

214 442 310 462 amen
334 432 408 463 dico
426 431 519 462 uobis
536 431 613 470 quia
636 430 796 470 gaudebit
819 440 916 469 super

258 494 330 514 eam
359 484 464 523 magis
488 493 588 522 quarn
613 492 711 522 super
735 482 915 522 nonaginta

257 545 376 565 nouem
394 545 478 575 quae
497 544 562 565 non
579 538 767 565 errauerunt

176 593 203 612 14
213 587 259 618 sic
278 597 344 617 non
369 591 418 617 est
438 586 589 616 uoluntas
613 590 689 616 ante
714 590 842 625 patrem
860 596 914 616 ue-

256 644 359 669 strum
389 639 444 678 qui
471 638 502 668 in
530 638 627 668 caelis
655 642 705 668 est
732 642 767 667 ut
799 643 914 677 pereat

256 701 339 720 unus
356 690 396 721 de
412 689 539 730 pusillis
556 690 636 720 istis.

177 737 203 756 ¹⁵
214 740 273 766 (133·
285 741 306 765 5)
332 741 368 772 Si
384 746 494 772 autem
518 741 700 782 peccauerit
718 741 749 771 in
765 746 799 771 te
815 741 914 772 frater

255 797 330 822 tuus

213 842 297 872 uade
313 847 345 872 et
363 841 489 881 corripe
506 851 581 871 eum
606 841 691 871 inter
707 845 739 871 te
756 845 788 871 et
805 841 911 881 ipsum

254 893 362 923 solum

209 945 237 975 si
267 950 301 976 te
331 944 469 975 audierit
507 944 649 975 lucratus
681 944 743 975 eris
778 945 910 975 fratrem

254 1002 357 1028 tuum.

987 324 1084 349 ¹⁶(184·
1100 324 1136 348 ¹0)
1161 326 1198 357 Si
1221 332 1332 357 autem
1356 338 1421 358 non
1446 332 1478 358 te
1501 328 1641 358 audierit
1666 330 1725 360 ad·-

1064 378 1141 408 hibe
1157 382 1266 409 tecum
1284 378 1392 409 adhuc
1408 389 1509 409 unum
1527 379 1578 409 uel
1596 381 1680 410 duos

1021 433 1056 459 ut
1085 429 1117 459 in
1142 440 1198 460 ore
1221 430 1364 460 duorum
1387 432 1522 461 testium
1547 431 1599 461 uel
1623 432 1722 462 trium

1063 486 1128 511 stet
1145 491 1244 511 omne
1263 481 1401 512 uerbum

982 533 1008 552 ¹⁷
1018 533 1108 571 quod
1125 532 1151 563 si
1168 543 1234 563 non
1250 533 1389 564 audierit
1405 545 1462 565 eos
1478 535 1530 565 dic
1547 535 1705 566 ecclesiae

1017 584 1043 614 si
1060 589 1171 614 autem
1189 589 1221 614 et
1238 584 1406 616 ecclesiam
1431 596 1496 616 non
1520 587 1656 617 audierit
1678 588 1721 618 sit

1061 636 1120 666 tibi
1136 636 1220 666 sicut
1237 636 1386 668 ethnicus
1403 642 1434 667 et
1452 638 1654 678 publicanus.

981 685 1109 710 13<1⁸⁵·⁷)
1133 687 1245 718 Amen
1269 689 1342 720 dico
1374 690 1468 719 uobis
1492 700 1720 730 quaecumque

1059 738 1271 779 alligaueritis
1316 751 1412 780 super
1457 746 1579 772 terram
1625 748 1719 773 erunt

1058 790 1159 831 ligata
1176 796 1209 822 et
1227 792 1258 822 in
1275 792 1367 822 caelo

1014 847 1047 873 et
1063 853 1290 883 quaecumque
1303 843 1467 875 solueritis
1482 855 1580 885 super
1595 851 1717 877 terram

1057 900 1151 925 erunt
1167 895 1275 925 soluta
1293 900 1326 925 et
1343 897 1375 925 in
1391 896 1491 927 caelo.

979 945 1118 969 19(186·10)
1144 946 1268 977 Iterum
1287 947 1361 978 dico
1386 949 1479 979 uobis
1498 949 1575 988 quia
1599 949 1624 980 si
1649 951 1716 981 duo

1058 1009 1101 1028 ex
1117 998 1212 1029 uobis
1228 1000 1454 1030 consenserint
1469 1011 1567 1041 super
1582 1007 1703 1032 terram

209 1115 353 1153 relinquet
367 1117 547 1154 nonnaginta
563 1126 671 1145 nouem
685 1117 713 1143 in
729 1117 886 1144 montibus.
917 1121 945 1144 et
964 1116 1043 1144 uadit
1060 1126 1197 1153 quaerere
1212 1126 1277 1145 eam
1293 1127 1367 1155 quae
1383 1120 1495 1147 errauit.
1528 1120 1547 1135 ¹³
1560 1125 1587 1148 et
1603 1120 1625 1148 si
1641 1130 1712 1149 con-

208 1162 312 1199 tigerit.
340 1169 371 1191 ut
385 1164 514 1192 inueniat
528 1172 602 1191 eam.
636 1172 721 1191 amen
737 1163 804 1191 dico
819 1163 912 1191 uobis.
947 1163 1015 1200 quia
1033 1163 1172 1200 gaudebit
1194 1173 1281 1201 super
1303 1174 1377 1193 eam.
1405 1167 1499 1203 magis
1517 1176 1605 1204 quam
1626 1176 1712 1204 super

209 1210 389 1247 nonnaginta
410 1219 517 1239 nouem
537 1219 612 1247 quae
633 1219 693 1238 non
708 1214 883 1237 errauerunt.
915 1208 988 1238 14sic
1011 1219 1070 1238 non
1090 1215 1133 1238 est
1152 1210 1288 1239 uoluntas
1303 1212 1332 1239 in
1348 1219 1505 1250 conspectu
1521 1214 1609 1250 patris
1624 1215 1711 1242 uestri

208 1257 260 1293 qui
275 1257 303 1284 in
319 1257 404 1285 caelis
420 1262 470 1285 est.
490 1263 521 1285 ut
536 1261 633 1294 pereat
648 1266 722 1284 unus
738 1257 774 1284 de
790 1256 899 1293 pusillis
914 1257 981 1284 istis.
1006 1255 1027 1271 ¹⁵
1039 1257 1061 1285 si
1078 1262 1175 1285 autem
1191 1259 1352 1294 peccauerit
1367 1259 1397 1286 in
1412 1264 1439 1287 te
1454 1259 1540 1288 frater
1555 1265 1620 1288 tuus
1636 1261 1711 1289 uade

209 1307 238 1331 et
253 1303 363 1340 corripe
378 1313 445 1332 eum
460 1305 534 1332 inter
549 1308 576 1332 te
596 1308 624 1331 et
644 1304 739 1340 ipsum
757 1303 858 1331 solum.
889 1303 912 1331 si
927 1308 954 1331 te
969 1303 1087 1331 audierit
1102 1303 1228 1332 lucratus
1244 1314 1274 1332 es
1290 1304 1405 1333 fratrem
1421 1311 1511 1334 tuum.
1544 1306 1565 1322 ¹⁶
1574 1307 1597 1335 si
1612 1313 1710 1336 autem

208 1359 269 1377 non
291 1355 319 1378 te
341 1351 462 1379 audierit
484 1350 587 1379 adhibe
609 1354 705 1378 tecum
727 1349 820 1378 adhue
841 1359 931 1377 unum
951 1349 996 1378 uel
1017 1350 1098 1378 duos.
1131 1355 1162 1378 ut
1181 1351 1210 1378 in
1226 1360 1274 1379 ore
1290 1351 1414 1380 duorum
1430 1353 1545 1382 testium
1560 1354 1607 1382 uel
1623 1355 1708 1382 trium

208 1401 265 1424 stet
291 1406 379 1425 omne
403 1398 533 1426 uerbum.
568 1395 590 1412 ¹⁷
598 1397 677 1434 quod
704 1396 726 1424 si
750 1406 809 1425 non
833 1396 953 1424 audierit
979 1405 1030 1424 eos
1054 1397 1100 1424 dic
1124 1397 1271 1426 ecclesiae.
1312 1399 1335 1426 si
1358 1404 1455 1427 autem
1478 1400 1629 1429 ecclesiam
1648 1411 1710 1430 non

207 1443 337 1472 audierit.
367 1445 401 1473 sit
422 1445 473 1473 tibi
492 1445 565 1473 sicut
585 1444 715 1472 ethnicus
736 1449 763 1472 et
783 1444 964 1480 publicanus.
998 1443 1017 1458 ¹⁸
1029 1451 1115 1472 amen
1131 1444 1197 1472 dico
1213 1445 1304 1473 uobis.
1334 1455 1535 1484 quaecumque
1551 1448 1709 1485 ligaueritis

205 1499 293 1527 super
308 1496 420 1520 terram.
453 1496 535 1520 erunt
551 1491 638 1528 ligata
652 1496 680 1518 et
695 1491 724 1518 in
739 1490 832 1519 caelis.
863 1495 890 1518 et
906 1499 1108 1528 quaecumque
1129 1491 1270 1520 solueritis
1292 1501 1378 1530 super
1393 1498 1499 1521 terram
1515 1500 1597 1523 erunt
1613 1495 1709 1525 soluta

205 1542 235 1565 et
250 1538 280 1566 in
295 1538 390 1566 caelis.

287 1583 308 1600 ¹⁹
317 1585 419 1613 iterum
434 1594 520 1613 amen
536 1585 601 1613 dico
616 1585 700 1613 uobis
715 1585 782 1621 quia
797 1584 819 1612 si
841 1584 956 1612 duobus
974 1593 1010 1612 ex
1032 1584 1117 1612 uobis
1139 1585 1309 1613 conuenerit
1327 1595 1413 1623 super
1428 1592 1540 1615 terram.
1571 1587 1608 1617 de
1626 1590 1707 1617 omni

205 1706 236 1723 vC·
250 1701 270 1723 F
272 1701 303 1724 R.
338 1706 481 1725 centuroues
494 1701 524 1724 V.
556 1701 633 1724 houes
646 1701 675 1724 C.
709 1703 845 1724 errauerit
854 1705 902 1724 ÷et

205 1740 236 1769 Q.
265 1741 407 1768 relinquet
417 1739 515 1770 (ἀφήσει
526 1740 568 1763 BL
580 1746 631 1770 124.
643 1746 695 1770 157.
708 1739 766 1770 346)
780 1748 834 1763 cum
845 1740 902 1770 A(B

204 1777 264 1808 def.)
294 1778 728 1809 CEEPHQKLMMOQRTVXYZ
757 1787 772 1802 a
787 1779 800 1801 b
812 1787 822 1801 c
834 1779 853 1802 d
864 1787 875 1802 e
884 1779 908 1809 f

201 1824 227 1847 gl
242 1825 258 1839 n
269 1825 273 1840 :
298 1817 413 1848 relinquit
435 1816 543 1848 (ἀφίησιν
562 1819 586 1841 D
600 1818 645 1849 ffi)
666 1818 705 1841 FJ
724 1826 762 1849 vg.
780 1818 886 1842 Hieran,
897 1826 901 1844 ;

204 1856 326 1886 relinquid
344 1856 392 1884 W;
413 1857 499 1887 graeci
509 1857 623 1887 plurimi
639 1856 712 1886 ἀφείς.
747 1859 902 1885 nonaginta

206 1894 303 1925 (genta
326 1895 371 1917 LR
394 1899 417 1918 ct
439 1903 464 1918 u.
488 1901 516 1924 13
537 1895 576 1924 ΞΡ)
601 1903 704 1919 nouem
726 1896 827 1926 (nobem
848 1896 882 1925 O)
895 1904 900 1919 :

203 1934 338 1964 nonaginta
348 1937 371 1957 et
379 1941 469 1957 nouem
478 1934 505 1956 M
515 1942 521 1962 ;
534 1939 652 1957 ·XCV1111·
663 1935 713 1958 EF.
739 1937 898 1959 montibus:

203 1972 301 1996 deserto
314 1973 335 1995 E
347 1981 377 1996 ex
386 1974 446 1996 Luc.
456 1981 495 1996 XV.
506 1981 528 2001 4,
537 1973 566 2004 (f.
579 1981 641 1996 carr.
650 1977 702 1997 nat.
712 1974 759 2004 qui
769 1974 900 2004 Om'gmem

202 2011 231 2034 de
243 2011 288 2034 hac
300 2020 325 2035 νε
337 2012 432 2035 laudat.
468 2012 540 2035 uadet
553 2012 727 2043 CEFKLNTQ
739 2021 794 2036 cum
807 2021 818 2036 c
826 2013 840 2035 Ιι
848 2017 899 2043 gal.

202 2050 229 2073 S.
243 2050 290 2073 z'olz.
302 2054 325 2073 et
336 2053 398 2080 corp.
411 2058 481 2074 oxon.
496 2051 535 2081 (cf.
551 2049 647 2080 ζητήσει
661 2051 686 2074 Η
702 2058 740 2081 13.
752 2059 804 2082 124.
819 2051 864 2081 346
877 2055 900 2075 ct

202 2096 306 2120 pergens
318 2093 417 2120 quaeret
426 2090 449 2118 d,
461 2089 506 2113 ibit
517 2089 566 2120 m);
581 2090 726 2121 grani-fere
735 2099 816 2114 omnes
826 2089 898 2121 ζητεῖ.

201 2135 301 2158 querere
313 2128 367 2151 LR.
401 2129 518 2152 errauerit
531 2129 582 2157 ER,
597 2132 676 2152 -uerat
688 2129 719 2159 Q.

238 2173 275 2196 13.
293 2167 407 2197 eotigerit
424 2166 470 2196 O*,
488 2167 635 2198 contingerit
654 2168 684 2191 R.
718 2168 824 2192 inueniet
841 2169 897 2193 RV.

201 2207 337 2232 gaudebit
341 2205 398 2236 scre
409 2214 490 2229 omnes
504 2206 631 2237 (gaudeuit
645 2207 676 2238 C)
690 2211 712 2230 et
724 2208 830 2231 Hieron.
842 2216 898 2231 cum

202 2245 238 2266 A*
248 2244 345 2275 (χαρεΐ)
359 2253 374 2267 α
384 2245 546 2276 bcfffiffigi
559 2246 575 2268 ll
589 2254 612 2268 m
625 2254 642 2268 n
655 2254 684 2277 q:
703 2247 794 2277 gaudet
808 2246 896 2278 (χαίρει

193 2283 251 2314 sere
268 2284 359 2313 omnes)
373 2284 404 2306 W
417 2292 455 2314 vg.
474 2285 498 2307 T
495 2285 552 2307 z'sclz.
565 2293 620 2308 cum
638 2285 657 2308 d
665 2293 676 2308 ε
688 2289 710 2308 ct
722 2286 783 2309 Par.
799 2291 895 2316 131710.

201 2329 285 2349 super
301 2330 362 2345 eam
377 2322 416 2353 (cf
429 2323 479 2346 illc.
491 2323 522 2346 vi.
537 2330 575 2353 34,
589 2323 637 2346 viii.
654 2330 674 2352 1,
687 2324 738 2355 etc.)
757 2324 894 2349 CESPFOJ

201 2361 498 2392 KLMMOcQRTVWZ
521 2370 558 2392 vg.
571 2370 576 2385 ε
606 2370 678 2393 super
700 2371 729 2386 ea
755 2363 896 2387 AHO*XY

200 2400 305 2423 Hieron.
345 2404 371 2427 >
381 2401 459 2431 magis
474 2401 592 2431 gaudebit
605 2409 677 2432 super
688 2410 742 2425 eam
755 2402 785 2426 R.
820 2411 895 2426 nona-

199 2439 269 2468 ginta
281 2442 305 2462 et
321 2447 410 2462 nouem
423 2443 463 2463 stc.
477 2443 506 2462 πί
518 2448 581 2463 uer-v.
594 2447 631 2464 12.
666 2441 800 2472 nonaginta
813 2447 842 2464 lx
855 2442 894 2465 W.

235 2484 271 2507 14.
290 2478 432 2509 uolumptas
466 2478 495 2507 C,
529 2479 654 2502 uolumtas
683 2479 713 2502 T.
758 2480 832 2504 hante
864 2481 893 2505 C.

198 2519 306 2543 patrem
318 2520 443 2540 uestrum
458 2517 554 2548 (πατρὸς
566 2518 641 2548 ὑμῶν)
655 2518 718 2541 codd.
728 2519 764 2549 pl.
776 2527 781 2542 z
800 2527 824 2550 p.
837 2527 893 2543 nos-

199 2558 264 2577 trum
287 2559 317 2578 ut
338 2556 441 2579 uidetur
458 2555 499 2586 Z*,
523 2565 546 2587 p.
571 2565 652 2580 meum
677 2557 739 2580 ΚΞΝ.
775 2558 834 2581 celis
853 2559 893 2582 W.

199 2593 277 2625 pariat
292 2594 321 2617 R.
355 2603 429 2618 unum
443 2595 475 2618 Ζ*
487 2597 559 2623 (corr.
574 2595 621 2627 ΖΒ).
657 2596 766 2627 pussillis
778 2597 859 2620 EPLR.

234 2638 271 2662 15.
290 2635 314 2656 si
327 2637 434 2657 autem:
453 2635 519 2665 quod
529 2635 547 2658 si
559 2635 588 2658 R.
624 2637 747 2663 corripe:
765 2644 839 2666 argue
847 2636 893 2667 EQ

1006 1708 1061 1722 sum
1078 1700 1096 1722 d
1110 1701 1166 1724 Hil.
1202 1709 1266 1725 eum
1284 1702 1312 1725 in
1330 1710 1379 1726 ras.
1393 1703 1422 1726 T.
1457 1707 1484 1727 te
1503 1707 1545 1728 et:
1565 1708 1640 1728 temet
1652 1705 1707 1729 ιῙΟο

1006 1738 1072 1762 XZ*.
1102 1740 1157 1762 eris
1169 1740 1233 1764 codd,
1247 1749 1284 1771 vg.
1297 1749 1313 1764 cz
1325 1741 1338 1763 b
1349 1742 1402 1772 effi
1415 1750 1487 1765 aun:
1506 1751 1531 1766 es
1543 1743 1637 1773 CQRT
1649 1751 1705 1766 tum

1002 1778 1098 1808 graecis
1107 1778 1165 1808 fere
1182 1780 1297 1802 omnihus
1316 1779 1463 1811 (ἐκέρδησας,
1475 1781 1516 1805 sed
1532 1782 1556 1805 D
1569 1782 1703 1813 ἐκέρδησες)

1005 1816 1292 1848 ctdcfffigllzqrss.

1039 1855 1076 1878 16.
1095 1863 1152 1879 non
1170 1859 1198 1879 te
1217 1857 1281 1880 codd.
1294 1858 1348 1888 pL:
1370 1862 1431 1884 >te
1444 1867 1492 1882 non
1508 1860 1531 1882 R
1542 1868 1598 1890 θέης
1615 1868 1661 1884 om.
1675 1864 1703 1884 te

1003 1894 1021 1917 J
1035 1902 1089 1917 cum
1105 1895 1202 1925 graecis
1212 1895 1269 1926 fere
1283 1896 1398 1919 omnibus
1412 1901 1434 1920 et
1446 1906 1468 1928 q.
1503 1900 1605 1922 adhibe
1619 1899 1704 1929 (adibe

1003 1933 1058 1961 CT,
1071 1933 1154 1957 athibe
1166 1933 1215 1965 X*)
1230 1937 1324 1958 tecum
1342 1937 1434 1959 adhue
1449 1936 1522 1966 gadue
1535 1937 1564 1966 T,
1578 1937 1653 1961 athuc
1666 1938 1700 1968 Y)

1002 1972 1066 1995 codd.
1092 1976 1115 1995 et
1139 1980 1177 2003 vg.
1188 1980 1193 1995 :
1223 1977 1250 1999 >
1264 1973 1345 1998 adhuc
1367 1975 1457 1998 adhibe
1479 1979 1560 1999 tecum
1587 1976 1609 2007 Q
1620 1984 1625 2005 ;
1654 1984 1701 2000 om.

1002 2012 1093 2034 adhue
1106 2011 1145 2034 ΝΓ.
1181 2014 1298 2035 testium
1315 2015 1362 2036 uel
1377 2013 1429 2045 (aut
1443 2014 1474 2045 C)
1488 2017 1575 2038 trium
1587 2015 1650 2038 codd.
1663 2015 1701 2046 pl.

1002 2057 1057 2072 (um
1072 2050 1169 2080 graccis
1182 2050 1241 2081 fere
1258 2052 1387 2075 omnibus:
1413 2056 1440 2079 >
1451 2053 1491 2076 uel
1509 2055 1581 2077 trium
1602 2054 1700 2077 testium

1002 2089 1215 2119 EffOLerRW
1224 2098 1262 2121 vg.
1272 2098 1327 2113 cum
1333 2092 1429 2122 graecis
1438 2096 1456 2118 s
1468 2099 1477 2114 1
1488 2096 1510 2115 et
1518 2092 1572 2124 effi.
1581 2109 1588 2120 2
1593 2101 1627 2123 gl.
1636 2108 1644 2120 2
1653 2093 1669 2116 Ιι
1677 2101 1700 2124 q.

1037 2133 1074 2157 17.
1093 2128 1226 2152 aecclesiae
1244 2129 1303 2158 ΕΞΡ,
1324 2130 1443 2154 aeclesiae
1464 2131 1492 2159 L,
1516 2131 1647 2155 aeclessiae
1668 2132 1700 2161 R,

1001 2166 1103 2190 eclesiae
1127 2167 1157 2197 C,
1181 2168 1270 2191 eclesie
1289 2169 1320 2197 T,
1344 2169 1445 2193 ecclesie
1463 2170 1503 2193 W.
1538 2172 1563 2193 si
1587 2173 1681 2194 autem
1693 2179 1698 2194 z

1001 2206 1068 2236 quod
1081 2206 1101 2229 si
1115 2205 1144 2228 R.
1180 2209 1223 2229 et:
1240 2214 1286 2230 om.
1301 2207 1551 2239 EPJLQWZ*(÷Z⁴)
1565 2217 1603 2239 vg.
1616 2209 1692 2240 (sed-4-

1000 2244 1047 2266 [od.
1066 2244 1171 2275 caras.);
1195 2253 1239 2268 nee
1258 2245 1286 2268 E.
1321 2246 1465 2269 aecclesiam
1484 2247 1544 2276 ΕΞΡ,
1562 2247 1648 2271 aeoles,
1667 2248 1698 2278 L,

1000 2283 1093 2306 aecliss.
1109 2283 1139 2311 R,
1156 2283 1230 2307 ecles.
1243 2284 1271 2307 C.
1307 2285 1378 2308 sicuti
1395 2285 1424 2308 C.
1459 2288 1588 2309 ethnicus
1602 2287 1694 2316 (aethn.

999 2321 1037 2351 ΞΡ)
1052 2324 1079 2344 et
1097 2323 1265 2348 publicanus
1280 2322 1359 2354 (pupl.
1373 2324 1466 2355 ffLNr)
1481 2325 1544 2348 coda<
1556 2326 1594 2356 pl,
1607 2329 1630 2348 et
1641 2334 1696 2356 vg:

998 2360 1097 2391 gentilis
1109 2364 1133 2383 et
1148 2361 1204 2391 pub.
1219 2361 1301 2392 ant.
1314 2370 1319 2390 3
1338 2363 1395 2393 pub.
1407 2367 1429 2386 et
1442 2363 1541 2394 gentilis
1554 2364 1576 2386 R
1586 2364 1625 2395 (cs.
1637 2373 1697 2396 gens

998 2403 1039 2422 aut
1052 2399 1109 2429 pub.
1121 2398 1142 2429 e)
1153 2407 1159 2427 ;
1177 2407 1284 2423 eunucus
1296 2404 1319 2424 et
1332 2401 1389 2431 pub.
1404 2401 1443 2425 W.

1033 2438 1069 2461 IS.
1089 2445 1240 2469 quecumque
1250 2439 1289 2463 W.
1325 2439 1490 2471 allegaueritis
1503 2442 1537 2470 H,
1550 2442 1695 2472 aligau.O*,

997 2476 1099 2507 alligab.
1125 2476 1158 2499 Z*
1177 2476 1247 2507 (corr.
1268 2477 1317 2509 Z³).
1352 2480 1439 2506 ligata
1462 2482 1504 2503 et:
1530 2480 1606 2511 ligata
1629 2489 1642 2505 e
1666 2482 1694 2506 F.

997 2515 1050 2539 celo
1063 2516 1098 2538 lu's
1111 2516 1142 2538 W
1153 2523 1159 2544 ;
1177 2516 1252 2539 caelis
1264 2517 1299 2539 bis
1312 2517 1423 2548 EPNJQ,
1441 2519 1517 2542 semel
1528 2519 1652 2551 adfinem
1665 2521 1694 2544 L.

996 2554 1083 2577 herunt
1094 2562 1136 2577 sec.
1151 2554 1197 2577 loco
1209 2555 1238 2578 C.

1032 2599 1068 2623 19.
1088 2594 1190 2616 iterum
1201 2602 1206 2617 :
1233 2600 1250 2617 ÷
1259 2602 1330 2617 amen
1344 2594 1389 2617 ER
1402 2603 1457 2618 cum
1466 2597 1563 2626 graecis
1569 2597 1694 2628 plum'mz's

996 2635 1019 2655 et
1030 2640 1045 2655 α
1058 2632 1071 2655 b
1083 2632 1159 2663 cfg„
1169 2649 1177 2661 2
1189 2632 1205 2655 Ῐι
1218 2641 1252 2663 n;
1277 2639 1296 2657 -ι-
1311 2633 1374 2657 dixit
1391 2642 1462 2658 amen
1477 2635 1516 2665 Q;
1542 2643 1557 2660 ÷
1575 2636 1657 2661 audite
1674 2646 1692 2662 e.

1452 2689 1518 2719 Qz
