2209 3147
394 248 457 287 588
709 248 1025 278 EUANGELJUM
1047 247 1309 277 SECUNDUM
1327 248 1591 277 JOHANNEM.

394 336 507 366 dicunt
525 335 553 365 ei
570 335 703 365 domine
720 335 794 365 ueni
811 340 843 365 et
860 335 936 365 uide

358 386 384 404 3⁵
394 392 427 418 et
444 387 632 417 lacrimatus
649 392 697 417 est
717 387 802 417 iesus

357 438 383 457 3⁶
394 439 550 469 dixerunt
567 449 646 478 ergo
663 439 770 469 iudaei

438 501 512 522 ecce
528 491 699 530 quomodo
715 490 851 521 amabat
867 500 941 521 eum

357 541 382 560 3⁷
394 543 529 582 quidam
546 547 658 573 autem
677 543 834 573 dixerunt
851 553 894 573 ex
912 543 991 582 ipsis

393 605 458 625 non
476 599 605 634 poterat
622 594 674 625 hic
691 595 746 634 qui
762 594 889 634 aperuit

437 646 549 677 oculos
567 647 655 677 caeci
672 646 778 676 facere
795 651 831 677 ut
849 651 881 677 et

436 698 490 729 hic
507 709 571 729 non
589 701 792 729 moreretur?

356 751 382 770 ³8
393 750 476 781 iesus
493 760 571 790 ergo
588 760 716 781 rursum
735 750 873 781 fremens

437 802 468 832 in
481 808 587 833 semet
600 803 672 842 ipso
686 803 775 833 uenit
788 803 830 833 ad
845 806 1094 832 monumentum

392 858 462 884 erat
478 858 589 885 autem
606 854 762 894 spelunca
779 859 811 885 et
828 854 911 894 lapis

436 907 664 947 superpositus
682 911 751 937 erat
768 906 796 937 ei

1739 252 1796 283 [XI.
1808 261 1903 285 34—41.

1167 332 1192 350 3⁹
1203 334 1249 364 ait
1266 333 1351 364 iesus
1369 333 1476 364 tollite
1492 333 1637 374 lapidem

1203 385 1283 416 dicit
1299 386 1327 415 ei
1345 385 1474 416 martha
1490 396 1582 416 soror
1598 385 1666 416 eius

1246 437 1300 477 qui
1319 441 1466 467 mortuus
1481 437 1585 467 suerat

1202 489 1334 519 domine
1352 489 1416 519 iam
1433 488 1513 519 fetet

1201 541 1446 580 quadriduanus
1463 541 1549 571 enirn
1566 546 1616 571 est

1164 592 1191 611 4⁰
1202 593 1281 624 dicit
1298 593 1326 623 ei
1348 593 1431 623 iesus

1203 655 1310 675 nonne
1327 645 1396 675 dixi
1420 644 1479 675 tibi
1500 645 1656 684 quoniam
1680 645 1705 674 si
1728 644 1904 675 credideris

1246 696 1374 728 uidebis
1391 696 1528 737 gloriam
1545 697 1620 727 dei?

1165 752 1190 771 41
1201 749 1346 780 tulerunt
1364 760 1441 790 ergo
1458 749 1602 789 lapidem

1202 802 1287 832 iesus
1303 806 1414 832 autem
1432 801 1569 831 eleuatis
1586 811 1713 831 sursum

1245 853 1347 884 oculis
1363 854 1459 884 dixit.

1203 905 1300 936 Pater
1316 905 1439 944 gratias
1455 915 1519 945 ago
1536 905 1594 935 tibi
1612 905 1767 944 quoniam

391 1026 413 1041 ⁸⁵
424 1031 451 1054 et
466 1026 631 1054 lacrimatus
647 1032 689 1055 est
706 1027 789 1055 iesus.
825 1026 846 1041 ³⁰
859 1027 992 1054 dixerunt
1008 1035 1077 1062 ergo
1096 1026 1198 1054 iudaei.
1235 1035 1302 1054 ecce
1326 1025 1476 1062 quomodo
1499 1025 1616 1052 amabat
1637 1033 1714 1052 eum.
1751 1024 1772 1039 ³⁷
1783 1024 1902 1061 quidam

392 1078 488 1101 autem
511 1074 644 1102 dixerunt
667 1083 702 1101 ex
726 1074 804 1110 ipsis.

844 1082 904 1101 non
928 1078 1039 1110 poterat
1063 1073 1116 1101 hic.

1157 1073 1205 1110 qui
1228 1072 1337 1110 aperuit
1359 1072 1461 1100 oculos
1484 1071 1570 1100 caeci.
1607 1071 1701 1099 facere
1723 1075 1753 1099 ut
1774 1071 1819 1099 hic
1843 1080 1902 1099 non

392 1126 560 1149 moreretur.
589 1119 609 1135 ³⁸
619 1121 694 1149 iesus
709 1130 779 1158 ergo
794 1121 897 1148 iterum
908 1120 1034 1148 fremens
1050 1121 1078 1148 in
1095 1121 1292 1157 semetipsum.
1323 1120 1402 1148 uenit
1418 1119 1454 1147 ad
1470 1124 1700 1147 monumentum.
1730 1123 1790 1147 erat
1806 1124 1902 1146 autem

392 1168 540 1205 spelunca.
577 1173 604 1195 et
627 1167 699 1204 lapis
723 1168 922 1205 superpositus
945 1172 1006 1195 erat
1030 1177 1124 1205 supra.
1160 1167 1181 1182 ³⁰
1193 1167 1231 1195 ait
1255 1167 1333 1195 iesus
1357 1166 1444 1195 tollite
1468 1165 1603 1203 lapidem.
1642 1165 1709 1194 dicit
1732 1166 1757 1193 ei
1782 1165 1902 1194 martha.

392 1224 474 1244 soror
495 1216 556 1243 eius
581 1215 630 1251 qui
657 1221 786 1243 mortuus
809 1215 908 1243 fuerat.
946 1214 1073 1243 domine.
1109 1215 1166 1243 iam
1189 1214 1283 1243 faetet.
1321 1214 1540 1251 quadriduanus
1562 1213 1640 1241 enim
1662 1218 1712 1241 est.

1751 1212 1772 1227 ‘¹⁰
1783 1213 1854 1240 dixit
1877 1213 1902 1241 ei

392 1263 475 1291 iesus.
511 1272 570 1290 non
586 1263 635 1290 tibi
652 1263 718 1290 dixi.
754 1263 821 1299 quia
838 1262 860 1290 si
877 1262 1038 1290 credideris.
1076 1262 1188 1290 uidebis
1207 1261 1330 1299 gloriam
1351 1261 1405 1288 dei.
1443 1259 1462 1275 ⁴¹
1473 1260 1598 1288 tulerunt
1618 1269 1688 1296 ergo
1709 1259 1833 1297 lapidem
1853 1259 1902 1287 ubi

392 1310 490 1338 fuerat.
528 1310 603 1338 iesus
623 1315 720 1337 autem
741 1309 864 1337 eleuauit
886 1309 987 1338 oculos
1010 1309 1039 1337 in
1062 1309 1175 1337 caelum
1197 1314 1225 1337 et
1246 1309 1324 1336 dixit.
1360 1313 1440 1345 pater
1461 1308 1568 1345 gratias
1588 1316 1644 1344 ago
1666 1307 1725 1334 tibi.
1763 1307 1902 1344 quoniam

427 1441 464 1464 35.
483 1442 529 1458 om.
548 1441 610 1457 uers.
629 1435 655 1462 J,
673 1434 730 1457 m‘dc
747 1435 781 1457 ad
797 1443 821 1458 u.
841 1441 886 1464 33;
905 1442 950 1458 om.
969 1442 1046 1465 usqne
1063 1435 1097 1457 ad

393 1474 535 1501 quomodo
561 1473 597 1502 (u.
622 1473 664 1502 36)
689 1473 701 1495 δ
725 1476 747 1496 ct
772 1477 821 1497 ΔΨ.
857 1474 1007 1504 lacrymatus
1034 1473 1094 1501 ΞΘ,

392 1512 509 1542 lachrym.
523 1511 582 1542 (ἦῆ.
617 1513 707 1535 iesus:
728 1512 832 1536 christus
846 1513 861 1537 l.

427 1551 463 1581 36.
483 1553 540 1574 dix.
562 1558 628 1578 ergo
647 1550 746 1581 (ἔλεγον
768 1550 835 1583 οὖν);
859 1559 904 1575 om.
927 1559 992 1579 ergo
1014 1551 1095 1580 ACS;

393 1590 441 1614 dix.
460 1594 542 1614 autem
555 1594 575 1621 p
592 1599 612 1620 ν,
630 1594 654 1614 et
672 1590 721 1614 dix.
738 1599 753 1614 a
765 1599 776 1614 c
787 1599 799 1614 e
811 1599 877 1617 aur„
896 1594 919 1614 et
938 1591 986 1614 dix.
1004 1599 1063 1621 ergo
1079 1591 1094 1614 l.

393 1629 459 1653 iudei
472 1629 585 1653 CDEW.
620 1637 698 1654 eece:
718 1630 775 1653 uide
788 1631 807 1653 δ.
844 1630 938 1653 amauit
952 1630 984 1654 O.

426 1674 463 1699 37.
483 1676 528 1692 om.
542 1672 635 1692 autem
649 1669 680 1692 D.
713 1670 847 1692 dixerunt
861 1669 917 1699 (ficit
931 1669 964 1699 T)
978 1677 1013 1692 ex
1025 1670 1096 1696 ipsis

394 1709 439 1737 (eis
452 1709 474 1738 Q
488 1712 508 1738 p
521 1709 545 1735 ν)
559 1708 622 1731 codd.
639 1715 677 1738 vg
697 1711 754 1732 nell.
772 1717 827 1731 cum
842 1716 880 1739 gr.
896 1709 934 1732 D:
951 1712 978 1735 >
990 1716 1019 1732 ex
1036 1709 1096 1739 ipsis

393 1748 443 1771 dix.
458 1747 481 1770 G
493 1755 531 1777 vg.
546 1748 558 1769 δ
570 1755 627 1770 aur.
640 1748 706 1778 Aug.
720 1755 775 1770 cum
785 1756 825 1778 gr.
834 1748 904 1778 plur.
940 1747 1021 1778 potuit
1035 1748 1095 1772 WZ.

393 1786 496 1810 hoculos
509 1786 537 1815 C,
553 1794 602 1810 occ.
617 1786 655 1814 R;
673 1795 718 1810 om.
735 1788 767 1810 D.
802 1788 853 1810 ceci
866 1787 915 1816 W;
932 1793 948 1810 ÷
958 1787 1009 1810 nati
1023 1787 1097 1810 CH‘?

394 1824 446 1852 3OE
458 1834 469 1848 c
481 1833 527 1849 cor.
541 1825 609 1849 παλ*
622 1825 682 1855 (non
696 1826 754 1855 mg.)
767 1829 853 1849 contra
861 1833 986 1856 graffum.
1020 1829 1053 1849 ut
1069 1829 1097 1849 et

393 1867 440 1889 hie
452 1872 509 1888 uon
524 1864 572 1893 (iva
584 1864 623 1887 καὶ
636 1863 703 1887 οὗτος
716 1864 758 1893 μή)
773 1865 836 1888 comi.
845 1865 916 1895 plur.
928 1865 947 1888 d
956 1873 967 1888 c
978 1866 989 1888 l
1000 1866 1011 1887 δ
1024 1873 1079 1889 aur.
1091 1873 1095 1889 ε

394 1908 421 1927 ut
438 1904 478 1927 hic
495 1912 543 1926 non
562 1911 618 1929 lom.
636 1904 674 1934 et)
692 1904 846 1927 EPHIRTZ*
861 1903 931 1929 (ι-ονν.
946 1904 985 1934 ΖΕ)
1003 1912 1040 1935 vg.
1054 1904 1103 1935 as

387 1943 439 1975 ffi:
457 1951 487 1966 ne
500 1943 540 1966 hic
552 1951 563 1965 c
576 1951 598 1972 r,
611 1951 640 1966 ne
653 1947 676 1966 et
689 1943 728 1966 hie
740 1943 760 1971 b,
773 1946 796 1966 et
807 1943 847 1966 ἵνα
859 1942 892 1972 μὴ
904 1942 973 1967 οὗτος
987 1950 1024 1973 33.
1042 1943 1095 1967 106.

394 1983 525 2006 moriretur
538 1982 682 2006 DEH’KNF.

428 2022 466 2051 38.
485 2028 552 2049 ergo
571 2019 651 2051 (οὖν);
678 2024 760 2044 antem
778 2021 801 2044 T
817 2029 829 2044 c
847 2021 933 2052 rfoss.
953 2025 975 2045 et
991 2030 1031 2052 gr.
1051 2022 1096 2045 {⁵⁰¹2

395 2068 476 2084 rursus
490 2061 514 2083 D
525 2068 530 2087 ;
548 2060 637 2083 iterum
651 2068 661 2083 c
673 2060 724 2091 ds;
744 2068 789 2083 om.
800 2068 815 2083 a
824 2060 837 2083 b
846 2059 912 2092 effi*
922 2059 945 2083 l*
958 2069 973 2083 r
983 2064 1006 2084 ct
1014 2069 1052 2091 gr.
1065 2061 1096 2085 K.

395 2101 531 2123 fremens:
550 2100 585 2122 ira
602 2107 734 2123 conuersus
750 2099 772 2122 d.
808 2100 832 2122 in
851 2100 933 2123 semed
951 2100 1006 2130 ipso
1018 2100 1054 2129 T;
1072 2101 1097 2123 in

395 2142 471 2162 semet
485 2139 566 2169 ipsum
579 2138 606 2161 M
619 2138 669 2169 ds,
683 2139 746 2161 intra
759 2142 835 2161 semet
847 2138 927 2169 ipsum
939 2138 952 2160 b
965 2147 984 2167 r,
1000 2138 1060 2162 intra
1073 2147 1098 2162 se

395 2186 410 2201 a
422 2186 448 2205 e;
466 2178 490 2201 in
507 2177 594 2208 spiritu
607 2178 622 2200 l.
659 2181 846 2200 monomentum
865 2177 893 2205 E,
911 2181 1098 2201 monumentom

398 2216 512 2246 H*(co›·r.
527 2216 581 2246 ff).
617 2216 734 2247 spelonca
751 2216 837 2244 DffR,
852 2216 986 2246 speluneha
999 2216 1096 2241 CGCZ*.

395 2256 464 2286 lapes
477 2256 504 2279 E.
541 2255 720 2286 superpossitus
737 2255 852 2282 DE'ff’R;
871 2262 921 2278 ras.
940 2261 953 2283 3
966 2254 1013 2278 litt.
1032 2249 1098 2279 in'ter

397 2295 404 2318 i
420 2298 443 2318 el
459 2298 467 2318 t
485 2294 524 2322 G;
542 2294 671 2326 adpositus
683 2302 700 2318 c.
737 2297 811 2317 erat:
831 2293 908 2317 suerat
922 2293 959 2322 T;
976 2301 1023 2317 om.
1035 2302 1050 2317 a
1063 2294 1076 2316 b
1087 2302 1098 2317 c

396 2342 407 2357 e
418 2333 453 2366 ff.
466 2337 485 2364 p
501 2334 513 2355 δ
525 2342 580 2357 aur.
593 2333 635 2356 secl
647 2341 686 2363 gr.
699 2341 764 2357 omn.
778 2332 893 2357 ἐπέκειτο.
929 2334 955 2356 ei
974 2331 1021 2363 (ἐπ’
1033 2333 1098 2363 αὐτῷ

397 2373 442 2396 scd.
455 2381 500 2396 om.
517 2372 551 2395 ἐπ’
565 2371 623 2396 &Q
640 2373 710 2397 βπ),
729 2380 775 2396 om.
788 2380 799 2395 c
810 2372 838 2397 d:
858 2371 961 2403 supi-af.

432 2419 468 2442 39.
489 2418 504 2434 4
514 2415 537 2435 et
550 2411 585 2434 ad
595 2411 652 2435 init.
663 2411 685 2434 T
695 2420 711 2434 c.
741 2415 767 2437 >
779 2411 843 2434 iesus
855 2410 889 2433 ait
902 2410 932 2434 R.
959 2410 1045 2434 tollete
1055 2410 1098 2437 ’ΞΡ;

397 2454 521 2474 remouete
538 2451 604 2481 Aug.
638 2458 684 2474 om.
698 2452 723 2473 ei
737 2450 769 2473 D.
805 2451 915 2473 martha
929 2450 1017 2481 (marta
1036 2449 1097 2475 HT)

398 2497 477 2513 soror
489 2491 550 2512 eius
562 2491 611 2517 qui
621 2497 688 2513 mor.
700 2491 792 2513 fuerat
803 2490 828 2520 (η
839 2491 914 2519 μαρθα
925 2498 939 2519 η
950 2490 1043 2519 αδελφη
1056 2497 1099 2511 του

398 2532 601 2558 τετελευτηκοτος
613 2529 664 2557 D):
687 2532 713 2556 >
725 2536 794 2552 soror
811 2527 919 2552 defuncti
937 2528 1033 2551 martha
1050 2528 1062 2550 δ
1078 2530 1100 2551 et

397 2568 412 2598 ἡ
430 2567 466 2590 ἀδ.
484 2567 527 2590 τοῦ
545 2570 625 2590 τετελ.
646 2567 700 2597 (uel
716 2566 869 2597 τεθνηκότος)
888 2565 964 2597 μάρθα.
977 2574 1016 2597 gr.
1037 2566 1098 2594 rell„

399 2614 467 2628 soror
484 2605 558 2628 lazari
577 2606 673 2629 martha
691 2609 711 2636 p
730 2608 770 2635 (m
788 2605 879 2636 udlur)
899 2613 927 2634 r;
953 2613 1011 2628 mar.
1031 2612 1100 2628 soror

399 2644 506 2668 defuncti
516 2649 566 2668 erat
576 2645 599 2671 d,
611 2653 670 2668 mar.
682 2652 751 2668 soror
764 2645 837 2668 lazari
847 2652 876 2672 (13
890 2643 987 2668 martha
999 2647 1098 2667 lantum

1200 1434 1213 1456 b
1225 1442 1235 1457 c
1247 1442 1258 1457 c
1269 1434 1303 1465 βξ,
1319 1434 1330 1457 l
1343 1441 1415 1460 aun:
1435 1433 1522 1456 deinde
1532 1440 1546 1455 ψ
1556 1432 1587 1455 ad
1605 1432 1681 1455 iesum
1698 1439 1716 1455 e.
1752 1432 1821 1455 fetet
1839 1432 1902 1454 codd.

1195 1474 1281 1504 plmz:
1305 1473 1377 1496 faetet
1396 1471 1546 1499 AARSTY,
1565 1471 1639 1494 foetet
1658 1470 1699 1493 DJ
1720 1478 1773 1501 vg?
1794 1474 1863 1501 putet
1884 1471 1903 1493 E

1199 1512 1223 1541 d,
1242 1512 1312 1543 pudit
1328 1515 1356 1542 p.
1391 1512 1607 1539 quadriduanus
1629 1514 1718 1540 &quatu
1738 1509 1904 1540 BGIJKM‘Q

1206 1551 1293 1579 Tz‘sclz„
1324 1550 1474 1581 quadri-”inus
1503 1549 1545 1572 ΞΡ*
1574 1549 1617 1572 sed
1645 1557 1707 1571 corr.
1722 1556 1727 1576 ;
1756 1548 1903 1579 quadridua-

1200 1598 1258 1613 num
1272 1589 1338 1613 MT*
1355 1589 1396 1612 secl
1412 1589 1484 1619 corr.)
1498 1591 1574 1612 enim
1594 1588 1650 1615 (om.
1668 1588 1692 1610 D
1705 1587 1731 1610 d=
1745 1590 1904 1617 estzrerap-

1201 1629 1266 1651 ταῖος
1277 1627 1324 1658 ’γάρ
1338 1628 1419 1651 ἔσηνε
1436 1631 1462 1654 >
1474 1627 1650 1658 quatriduanus
1666 1626 1849 1657 kquadridianus
1858 1627 1902 1654 W)

1200 1672 1235 1692 est
1262 1668 1327 1690 enim
1348 1667 1379 1689 w
1400 1675 1437 1697 vg.
1459 1674 1490 1694 ας
1517 1666 1681 1696 quadriduum
1709 1666 1774 1688 enim
1795 1666 1834 1696 (>
1846 1674 1904 1689 nam

1200 1707 1286 1738 quadr.
1308 1706 1376 1732 ami)
1400 1706 1473 1729 habet
1494 1706 1507 1728 la
1526 1713 1537 1728 ι·
1550 1705 1585 1736 βξ,
1603 1708 1622 1735 p
1638 1713 1665 1733 r;
1690 1708 1778 1735 quarta
1799 1705 1847 1728 diei
1869 1709 1904 1728 est

1201 1747 1269 1769 enim
1281 1754 1299 1769 e.

1234 1793 1272 1815 40.
1292 1792 1385 1808 nonne
1396 1793 1400 1808 :
1420 1792 1469 1808 non
1483 1784 1504 1807 E
1516 1787 1573 1807 uctt.
1586 1783 1645 1814 (exe.
1659 1784 1671 1805 δ
1683 1782 1751 1813 aur.)
1762 1791 1768 1811 ;
1789 1790 1805 1806 4-
1814 1791 1861 1813 ego
1874 1783 1903 1806 R.

1200 1824 1262 1848 dixit
1284 1824 1318 1847 ibi
1341 1824 1378 1851 R;
1399 1824 1482 1850 >tibi
1502 1823 1553 1846 dixi
1574 1831 1589 1845 a
1610 1822 1657 1853 ef
1672 1823 1682 1845 l
1700 1831 1720 1845 ν.
1754 1824 1903 1850 quoniam:

1201 1864 1258 1894 quia
1276 1863 1297 1886 E
1315 1863 1328 1885 l1
1346 1871 1357 1886 c
1369 1862 1439 1894 [βξ
1458 1863 1474 1885 l.
1510 1863 1547 1885 si:
1572 1862 1687 1893 sequitur
1703 1869 1751 1885 ras.
1773 1868 1784 1884 2
1804 1861 1852 1885 litt.
1872 1861 1903 1884 G.

1201 1904 1334 1931 gloriam:
1352 1902 1505 1925 maiestatem
1519 1909 1540 1928 a,
1556 1900 1744 1931 claritatemffl.

1234 1948 1273 1972 41.
1291 1943 1420 1964 tulerunt
1434 1940 1498 1970 (tull.
1513 1940 1549 1969 ΞΡ,
1563 1940 1711 1963 sustulerunt
1728 1939 1751 1970 Q
1764 1942 1784 1970 p
1796 1940 1820 1969 r)
1837 1947 1904 1967 ergo

1201 1982 1323 2008 lapidem
1336 1979 1406 2010 (ἦραν
1422 1978 1464 2002 οὖν
1476 1978 1519 2002 τὸν
1535 1978 1630 2009 aleam:
1649 1986 1705 2002 cum
1721 1986 1781 2008 ergo
1797 1978 1838 2002 tul.
1853 1978 1902 2009 lap.

1201 2019 1224 2049 d,
1238 2023 1261 2043 et
1274 2023 1300 2042 nt
1316 2019 1471 2042 reuoluerunt
1488 2018 1537 2049 lap.
1551 2025 1563 2041 e
1579 2025 1634 2040 cum
1649 2025 1688 2047 gr.
1702 2025 1743 2040 οτε
1756 2026 1797 2040 ουν
1809 2025 1867 2047 ηραν
1879 2017 1903 2040 D

1201 2058 1253 2085 61'0;
1272 2058 1358 2081 deinde
1368 2065 1383 2082 ψ
1393 2057 1531 2081 ubi-suerat
1540 2057 1568 2086 f,
1577 2063 1593 2080 4
1604 2064 1652 2079 non
1665 2056 1752 2087 (super
1768 2056 1805 2086 ου)
1819 2059 1869 2079 erat
1883 2057 1903 2085 δ,

1201 2096 1284 2121 εί-ῡ-οὗ
1300 2096 1330 2126 ἦν
1348 2097 1421 2120 ΑΚΠ
1438 2096 1509 2125 min„
1520 2094 1572 2119 ÷013
1588 2094 1618 2124 ἧν
1634 2095 1646 2118 ὁ
1664 2094 1780 2124 τεθνηκὼς
1798 2093 1904 2124 κείμενος

1202 2135 1426 2160 C³EGHMSUrA
1439 2138 1480 2158 etc.
1516 2137 1626 2157 autem:
1646 2142 1705 2165 ergo
1718 2134 1748 2157 T.
1784 2135 1904 2157 eleuatis

1204 2175 1271 2205 genu.
1286 2175 1348 2202 Dff’,
1361 2174 1425 2198 eleb.
1435 2174 1492 2202 ΤΧ,
1505 2173 1581 2197 aeleu.
1595 2172 1627 2203 C)
1641 2180 1752 2196 sursum
1765 2172 1860 2204 (susum
1874 2172 1903 2201 E,

1202 2222 1295 2237 rursum
1308 2212 1426 2237 {FfflZ’u
1441 2214 1531 2236 oeulis
1544 2212 1610 2242 (hoe.
1623 2212 1655 2241 C)
1668 2213 1742 2235 dixit
1753 2211 1816 2235 codd.
1832 2214 1855 2234 el
1865 2219 1903 2241 vg.

1201 2256 1224 2276 et
1235 2261 1308 2276 amn:
1327 2253 1431 2276 eleuatis
1449 2251 1527 2275 oculis
1545 2259 1639 2274 sursum
1657 2254 1681 2274 et
1699 2250 1761 2274 dixit
1778 2251 1797 2279 δ,
1811 2250 1904 2273 leuauit

1202 2292 1288 2315 oculos
1305 2299 1399 2315 sursum
1417 2294 1441 2314 et
1457 2290 1506 2314 dix.
1520 2291 1563 2313 let
1577 2298 1616 2320 gr.
1630 2290 1700 2320 plur.
1714 2289 1771 2319 ἦρεν
1783 2289 1838 2312 τοὺς
1850 2290 1904 2319 ὐφθ.

1202 2329 1250 2354 ἅνω
1266 2330 1304 2354 καῖ
1321 2329 1401 2359 εἴποις
1420 2330 1527 2354 eleuauit
1544 2329 1601 2359 (leu.
1613 2329 1660 2360 βξ,
1678 2329 1734 2352 tulit
1750 2329 1778 2357 d)
1798 2336 1834 2351 oc.
1847 2336 1904 2351 suos

1202 2378 1286 2393 susum
1299 2374 1322 2393 et
1335 2370 1383 2392 dix.
1397 2369 1481 2401 dffip
1494 2377 1508 2391 r
1518 2372 1540 2392 el
1549 2376 1565 2393 ÷
1574 2367 1647 2391 αὐτοῦ
1654 2371 1710 2398 post
1721 2367 1774 2397 ὀφθ.
1789 2368 1812 2390 D
1826 2367 1887 2390 nu'n.
1899 2375 1904 2396 ;

1202 2409 1329 2432 adleuabit
1348 2416 1384 2432 oc.
1403 2415 1460 2431 suos
1478 2411 1501 2431 et
1519 2407 1568 2430 dix.
1584 2415 1596 2430 e
1613 2411 1635 2430 el
1652 2415 1698 2430 om.
1715 2406 1763 2429 ἅνω
1782 2413 1843 2436 253;
1862 2406 1904 2429 ad-

1202 2447 1289 2471 leuatis
1313 2447 1392 2471 oculis
1413 2455 1495 2470 susum
1519 2447 1550 2469 ad
1572 2446 1665 2469 caelum
1689 2446 1737 2469 dix.
1758 2454 1780 2475 a,
1803 2445 1904 2469 eleuatis

1202 2494 1296 2509 sursum
1314 2494 1350 2510 oe.
1367 2487 1391 2509 in
1409 2486 1503 2510 caelum
1520 2485 1568 2509 dix.
1582 2493 1652 2509 emm.
1665 2488 1688 2508 et
1704 2483 1761 2515 ἦρεν
1779 2483 1832 2507 τοὺς
1849 2484 1902 2514 ὀφθ.

1204 2526 1234 2549 εἷς
1256 2525 1299 2548 τὸν
1321 2524 1420 2555 οὐρανὸν
1440 2525 1488 2547 ἄνω
1508 2525 1546 2549 καὶ
1569 2522 1633 2546 εἶπεν
1654 2524 1702 2547 KI'I
1725 2524 1757 2547 al.
1777 2523 1837 2554 plus
1860 2529 1903 2551 103

1203 2564 1309 2588 eleuauit
1331 2565 1389 2593 (leu.
1412 2564 1425 2587 b
1445 2564 1466 2591 c)
1489 2563 1576 2587 oculos
1601 2564 1701 2594 (†suos
1720 2563 1746 2593 b)
1767 2562 1790 2585 in
1815 2562 1857 2591 (ad
1878 2562 1902 2592 h)

1203 2603 1298 2627 caelum
1315 2607 1339 2626 et
1357 2603 1405 2627 dix.
1424 2603 1436 2626 (a
1452 2602 1498 2633 cf.
1532 2602 1627 2633 gracias
1640 2602 1670 2625 G.
1703 2601 1786 2628 >tibi
1804 2609 1852 2632 ago
1871 2600 1903 2623 Ζ*

1204 2643 1296 2672 (comni.
1331 2642 1401 2665 audis
1414 2642 1430 2666 l.
