2209 3147
481 252 538 289 176

723 337 831 361 Atlvr.

517 399 649 418 saeorum
673 389 760 426 panni
781 390 885 417 ueteris
908 396 934 417 et
956 390 1013 417 uini
1036 390 1081 418 uel

517 437 622 464 utrium
638 437 857 473 comparatione
876 436 1018 465 refellitur.

477 668 560 696 VIII.
583 668 639 696 Pro
663 668 806 705 spicarum
830 668 859 695 in
879 668 999 696 sabbato
1020 668 1080 696 uul-

518 716 599 744 sione
638 715 891 752 reprehensoribus
928 715 1081 752 increpatis

518 762 645 800 sequitur
661 771 763 790 manus
779 762 874 790 aridae
890 763 1035 791 restitutio.

478 809 577 838 VIIII.
601 809 763 838 Consilium
776 815 877 837 contra
892 819 957 837 eum
974 809 1081 838 faciunt

518 857 659 894 pharisaei
676 857 856 885 deseruiente
876 857 928 884 sibi
950 857 1082 885 nauicula

517 909 670 941 tangentes
685 913 752 931 eum
773 903 891 932 diuersis
913 904 1082 932 infirmitati-

518 952 573 979 bus
589 951 678 988 egroti
695 956 840 979 sanantur.

478 997 514 1026 X.
538 998 702 1026 Duodecim
727 998 883 1035 discipulos
908 998 944 1026 ad
971 998 1081 1035 praedi-

518 1045 644 1073 candum
667 1045 758 1073 uerbo
785 1045 906 1073 conlatis
932 1045 1082 1073 uirtutibus

518 1092 602 1119 mittit
625 1097 652 1119 et
674 1092 702 1119 in
726 1092 884 1120 beelzebub
907 1101 974 1120 eum
995 1101 1082 1129 posse

519 1139 648 1167 dicentes
678 1139 822 1176 redarguit
853 1139 1082 1167 inremissibilem

519 1195 581 1214 esse
608 1186 708 1214 dicens
734 1187 763 1214 in
790 1187 920 1223 spiritum
949 1192 1081 1215 sanctum

519 1233 728 1270 blasphemiam
745 1239 772 1261 et
790 1239 911 1262 matrem
932 1243 966 1261 ac
985 1233 1082 1262 fratres

518 1290 569 1308 eos
584 1286 671 1309 uocat
684 1281 733 1318 qui
750 1281 837 1318 patris
850 1280 968 1309 fecerint
980 1281 1082 1309 uolun-

519 1335 614 1357 tatem.

479 1471 531 1499 XI.
555 1471 673 1499 Docens
694 1472 830 1508 proponit
850 1472 1018 1508 parabolam
1039 1482 1082 1500 se-

520 1518 656 1546 minantis
675 1522 702 1546 et
725 1519 781 1546 suis
799 1528 862 1546 eam
884 1527 1013 1547 seorsum
1033 1529 1082 1547 ex-

520 1565 601 1602 ponit
630 1565 706 1593 clara
737 1565 969 1594 manifestatione
998 1567 1081 1595 disci-

521 1612 602 1649 pulis.

480 1659 547 1687 XII.
573 1658 737 1687 Lucernam
758 1660 811 1687 sub
831 1660 930 1689 modio
951 1669 1009 1688 non
1031 1670 1082 1697 po-

521 1706 647 1734 nendam
684 1706 729 1734 uel
766 1707 927 1735 dormiente
964 1707 1082 1736 homine

521 1759 582 1781 sata
611 1753 672 1781 eius
704 1763 832 1782 crescere
867 1760 894 1783 et
926 1755 961 1783 de
992 1764 1083 1792 grano

522 1800 628 1837 sinapis
650 1800 726 1829 dicit.

481 1900 565 1928 XIII.
589 1900 809 1938 Tempestatem
838 1902 926 1931 uerbo
951 1912 1084 1940 compes-

523 1957 591 1975 cens
608 1952 635 1976 et
651 1947 809 1977 daemones
829 1949 935 1978 eiciens
956 1950 994 1978 ire
1015 1960 1084 1979 con-

522 1994 607 2022 cessit
621 1994 650 2022 in
665 2003 779 2031 porcos.

968 252 1019 281 CA
1026 252 1194 280 PJTULA
1224 252 1245 280 I
1245 252 1282 280 ,V
1301 252 1334 280 E
1338 252 1390 280 UA
1397 251 1623 281 XGELJUM

1240 337 1309 360 Ct-J'r
1324 338 1400 360 Harl.
1416 343 1486 368 2797-

1180 383 1427 411 Murmurantibus
1481 383 1590 411 iudaeis

1218 430 1284 457 dicit
1308 439 1368 457 non
1391 439 1473 458 aesse
1495 429 1590 466 hopus

1217 477 1294 504 sanis
1315 477 1452 504 medicus.

1176 522 1221 551 De
1242 524 1364 560 geiuniis
1382 524 1588 561 discipulorum

1216 576 1243 598 et
1259 570 1323 598 filiis
1339 572 1447 607 sponsi.

1176 617 1220 645 De
1236 618 1368 645 hutribus
1384 624 1411 645 et
1427 618 1506 646 uino.

1133 667 1198 692 111.
1229 667 1278 693 De
1342 666 1444 699 spicis
1504 673 1587 698 quas

1216 713 1375 746 discipuli
1403 714 1586 740 uouebant.

1176 758 1221 786 De
1244 768 1279 786 eo
1300 759 1348 795 qui
1371 768 1490 786 manum
1512 758 1587 785 hari-

1218 806 1285 834 dam
1302 806 1411 833 habuit.

1176 853 1213 880 Et
1239 852 1308 880 hubi
1335 852 1496 880 daemones
1523 852 1587 880 Ihm

1218 900 1401 928 confitentur.

1178 993 1343 1021 Duodecim
1389 993 1588 1030 apostolorum

1218 1041 1344 1069 aelectio.

1178 1087 1222 1116 De
1252 1088 1431 1116 behelzebub
1460 1087 1588 1125 principe

1218 1135 1448 1163 daemoniorum.

1178 1182 1213 1210 Et
1229 1182 1346 1210 fortiore
1364 1183 1492 1219 lIgando.

1177 1230 1214 1258 Et
1244 1230 1431 1266 peccantibus
1461 1230 1489 1257 in
1524 1232 1588 1266 spm

1219 1280 1280 1305 scm
1297 1286 1356 1305 non
1373 1277 1484 1304 remitti.

1136 1373 1219 1399 1111.
1243 1373 1292 1399 De
1316 1374 1422 1399 matre
1448 1374 1502 1399 aet
1523 1373 1587 1400 fra-

1217 1420 1327 1446 tribus
1343 1419 1423 1446 eius.

1178 1465 1221 1493 De
1240 1465 1376 1502 parabola
1394 1466 1588 1494 saeminantis.

1180 1653 1347 1682 Luchernas
1363 1654 1416 1682 sub
1432 1654 1540 1682 modio.

1179 1701 1224 1729 De
1240 1702 1317 1729 bona
1333 1710 1476 1729 mensura.

1179 1748 1223 1776 De
1246 1748 1384 1785 parabola
1406 1748 1510 1776 herbae
1533 1749 1587 1786 spi—

1221 1804 1272 1823 cae
1285 1800 1312 1823 et
1324 1795 1443 1832 plenum
1455 1795 1589 1824 fructum.

1180 1842 1224 1870 De
1240 1843 1355 1880 synapis
1371 1852 1472 1879 grano.

1181 1890 1261 1918 Hubi
1286 1890 1314 1917 in
1340 1890 1406 1917 naui
1432 1890 1537 1918 dormit
1563 1895 1590 1918 et

1221 1946 1364 1973 exurgens

1221 1984 1350 2021 imperat.

1429 1938 1589 1974 tempestati

1660 337 1677 360 J
1690 337 1780 366 ‹lm-um
1790 340 1793 361 l
1804 336 1851 359 ΟΧ
1863 337 1923 360 Par.
1936 336 1993 359 Lat.
2007 337 2093 367 10438.

1641 667 1693 694 III.
1718 666 1858 703 Discipuli
1877 665 1985 694 uellunt
2000 666 2095 703 spicas

1681 723 1799 741 manum
1815 713 1924 741 aridam
1940 713 2095 741 habentem

1683 766 1767 789 sanat

1643 994 1797 1023 duodecim
1809 995 2007 1031 apostolorum
2019 994 2094 1023 elec-

1684 1042 1724 1070 tio
1750 1041 1785 1069 de
1810 1041 1989 1070 behelzebub
2015 1042 2094 1079 prin-

1684 1089 1747 1126 cipe
1764 1088 1978 1118 demoniorum.

1642 1368 1710 1396 1111.
1731 1368 1856 1396 Matrem
1868 1374 1894 1396 et
1907 1367 2005 1395 fratres
2017 1377 2094 1404 sper-

1682 1416 1722 1443 nit
1742 1415 1908 1453 parabulam
1929 1414 2096 1443 seminantis

1683 1463 1752 1491 dicit

1644 1889 1783 1925 nauigans
1799 1892 1999 1925 tempestatem
2017 1889 2098 1917 sedet

1684 1936 1861 1964 daemonum
1890 1936 2035 1973 legionem
2058 1937 2096 1964 ab

1684 1983 1781 2011 omine
1797 1982 1922 2019 expellit.

515 2092 547 2115 X.
566 2100 611 2116 om.
623 2096 714 2124 etpost
727 2094 806 2117 mittet
820 2095 875 2123 (sis)
891 2095 920 2118 V.
958 2096 1040 2119 fecerit
1054 2096 1084 2119 Y.

515 2125 561 2148 XI.
583 2133 709 2150 seorsum
718 2133 733 2150 4-
743 2127 870 2158 discipulis
888 2128 972 2152 lem.

1173 2089 1207 2112 II.
1226 2089 1322 2113 medico
1333 2090 1371 2117 Θ;
1394 2096 1410 2112 4
1420 2089 1463 2112 sed
1474 2089 1538 2112 male
1548 2089 1589 2112 ha-

1140 2122 1254 2146 bentibus
1265 2122 1328 2146 codd.
1342 2127 1381 2153 ap.
1396 2122 1479 2145 Thom.
1493 2124 1590 2149 sponsi

1147 2162 1163 2178 4-
1172 2159 1195 2178 et
1214 2155 1297 2178 Tlmm.

1173 2188 1220 2210 III.
1239 2188 1269 2210 de
1283 2187 1414 2211 duodecim
1426 2188 1502 2210 Harl.
1525 2192 1549 2211 et
1562 2188 1591 2210 de

1140 2220 1194 2244 sort.
1216 2220 1300 2243 Tlmm.
1335 2220 1448 2251 peccanti
1466 2220 1488 2243 Θ
1507 2221 1592 2249 Harl„

1145 2253 1228 2276 leom.

1174 2286 1234 2309 1111.
1260 2286 1290 2309 de
1319 2286 1418 2309 lucerna
1450 2285 1472 2308 Θ
1507 2286 1591 2309 ΤΙιιυη.

1140 2319 1215 2349 plenu
1232 2319 1310 2342 fructu
1333 2319 1433 2345 Th0m.;
1460 2318 1524 2349 pleni
1546 2319 1592 2342 sru—

1141 2352 1217 2375 menti
1230 2352 1252 2375 Θ
1263 2355 1286 2375 et
1298 2352 1361 2375 redd.
1374 2355 1413 2382 ap.
1431 2351 1515 2374 leom.

1678 2088 1726 2111 ΙΙΙ.
1753 2092 1779 2114 >
1804 2089 1886 2118 spicas
1909 2088 2003 2112 uellunt
2027 2089 2050 2111 X
2074 2092 2096 2112 εί

1644 2121 1661 2144 J
1674 2121 1716 2144 scri
1725 2121 1816 2143 lacuna
1828 2129 1843 2143 α
1855 2128 1892 2151 sp.
1906 2129 1981 2152 usquc
1993 2122 2028 2144 ad
2040 2129 2096 2145 ma-

1645 2157 1717 2177 trem
1729 2161 1747 2176 r.
1762 2153 1822 2176 IIII.
1839 2157 1933 2177 sanat:
1958 2161 1974 2177 ψ
1983 2157 2036 2185 sup.
2049 2154 2096 2177 lin.

1645 2187 1777 2209 demonum
1795 2186 1915 2209 consessio
1929 2186 1970 2210 OC.
2002 2188 2095 2210 behel-

1646 2221 1750 2242 zebub:
1770 2219 1799 2242 be
1811 2222 1863 2249 sup.
1877 2219 1923 2241 lin.
1936 2219 1991 2242 add.
2006 2219 2047 2243 0¹.

1679 2252 1740 2274 IIII.
1760 2251 1829 2274 sedat
1849 2251 1927 2275 JO²X
1951 2252 2036 2275 Tlmm.
2055 2252 2096 2275 de-

1647 2284 1755 2307 monium
1764 2285 1796 2308 X.
1815 2284 1914 2308 homine
1924 2284 2001 2309 ιῘΟΕΧ
2012 2285 2096 2308 lem.
