2209 3147
405 333 510 363 DJPGQ
521 341 577 356 aur.
590 341 608 356 c.

297 389 423 408 ossanna
445 384 472 407 et
494 379 616 407 Dicebat
640 378 684 406 ihs
707 378 756 414 qui

298 431 375 454 amat
396 426 523 453 animam
546 434 628 453 suam
654 424 756 462 perdat

298 482 371 500 eam.

257 848 352 876 XXV.
366 848 441 877 Cum
451 848 541 876 multa
551 847 634 884 signa
643 845 756 874 fecisset

297 896 340 924 ihs
366 896 435 923 dixit
458 895 523 932 Ego
553 895 601 922 lux
625 894 654 921 in
678 893 756 922 hunc

297 942 440 970 mundum
455 942 531 970 ueni.

257 1175 368 1204 XXVI.
391 1175 449 1203 Ubi
465 1175 508 1202 ihs
527 1175 617 1211 pedes
633 1174 756 1211 discipu-

297 1222 391 1250 lorum
407 1222 483 1250 lauit.

257 1408 385 1437 XXVII.
407 1409 444 1436 Et
461 1409 537 1437 Cum
558 1409 608 1437 iret
624 1409 706 1437 iudas
726 1414 757 1436 ut

298 1456 421 1484 traderet
434 1456 493 1483 ihm
505 1455 575 1483 dixit
585 1456 609 1484 ei
622 1455 665 1483 iris
678 1455 757 1492 quod

298 1502 367 1531 facis
383 1502 427 1531 fac
444 1503 535 1530 citius.

258 1689 401 1717 XXVIII.
423 1690 461 1718 Et
474 1689 549 1718 Cum
562 1689 629 1717 dicit
644 1689 687 1717 ihs
703 1689 758 1717 dis-

299 1737 400 1774 cipulis
421 1737 478 1765 suis
497 1736 621 1773 Dilegite
643 1746 696 1765 uos
717 1737 759 1764 in-

299 1785 393 1812 uicem
414 1789 441 1812 et
462 1788 543 1821 petro
565 1784 631 1811 dicit
651 1789 692 1812 ter
712 1793 759 1812 me

299 1831 420 1867 negabis
502 1830 568 1867 Ego
590 1839 653 1858 sum
670 1831 716 1859 uia
732 1835 759 1858 et

299 1879 403 1906 ueritas
419 1883 445 1906 et
461 1878 529 1905 uita.

259 1924 418 1953 XXVIIII.
457 1924 486 1952 Si
522 1924 676 1961 dilegeritis
711 1932 758 1951 me

300 1972 436 1999 mandata
465 1980 529 1999 mea
558 1971 697 2000 custodite
721 1970 758 1998 Et

299 2028 355 2056 ego
381 2019 493 2055 rogabo
520 2024 633 2055 patrem
659 2027 757 2046 meum

300 2072 327 2094 et
342 2066 435 2093 mittet
450 2066 533 2093 uobis
545 2068 610 2102 sprn
622 2065 756 2093 ueritatis.

292 2139 406 2163 XXIIII.
431 2140 555 2162 dicebat:
585 2138 698 2162 dicebant
727 2138 757 2168 Q.

261 2173 399 2199 >animam
409 2179 478 2194 suam
489 2171 572 2202 [petit]
582 2179 639 2194 aur.
674 2171 758 2202 perdet

258 2206 282 2236 Q
294 2213 349 2228 aur.
363 2213 380 2228 c.

292 2237 374 2261 XXV.
401 2240 450 2262 ÷et
467 2237 502 2259 ad
517 2237 574 2259 init.
593 2236 627 2259 ΞΡ.
662 2236 757 2260 dicebat
783 2262 784 2274 ἵ

259 2270 338 2300 ΞΟΩ
350 2278 406 2293 aur.
418 2278 436 2292 c.
471 2277 516 2292 om.
530 2271 604 2293 hunc
618 2269 648 2293 G.

292 2303 402 2326 XXVII.
420 2302 495 2326 exiret
508 2302 586 2332 EPGQ
597 2310 654 2326 aur.
667 2310 685 2325 c.
711 2309 757 2325 om.

260 2338 336 2359 iesus
344 2335 379 2359 ΞΡ,
398 2336 494 2358 eitius:
505 2334 606 2358 celerius
614 2334 666 2365 ff’Q
675 2342 731 2357 aur.
740 2343 757 2358 s.

293 2368 418 2391 XXVIII.
445 2369 516 2391 suis:
546 2375 591 2390 om.
619 2367 671 2391 ΞΟ
700 2375 757 2390 aur.

263 2405 289 2428 >
299 2400 405 2424 inuicem
418 2408 462 2423 uos
470 2400 530 2430 SPQ.
555 2403 583 2423 et
592 2407 634 2423 sec.
645 2408 690 2423 om.
701 2408 758 2422 aur.

261 2435 330 2457 dicit
348 2441 405 2457 secu:
424 2433 485 2456 dixit
502 2440 559 2456 aur.
593 2440 637 2456 om.
654 2436 697 2456 ter
715 2440 758 2455 me

260 2468 377 2494 negabis
389 2474 408 2489 c.
442 2473 487 2489 om.
501 2468 529 2488 et
541 2467 602 2488 ujta
613 2473 669 2488 aur.
682 2473 700 2488 c.

293 2499 431 2522 XXVIIII.
455 2498 558 2529 diligitis
584 2498 637 2528 &PQ
659 2505 716 2520 aur.
740 2505 758 2526 c,

262 2531 345 2562 diligis
369 2531 401 2555 G.
435 2539 479 2554 me
489 2537 505 2554 ÷
514 2535 537 2554 et
558 2538 576 2554 c.
611 2532 758 2553 mandata:

261 2568 393 2595 praecepta
405 2564 457 2587 rell.
483 2572 528 2587 om.
543 2571 595 2591 ego
606 2571 662 2586 aur.
673 2571 691 2585 c.
713 2570 760 2586 om.

261 2604 354 2620 meum
366 2605 422 2620 aur.
435 2605 453 2620 c.
484 2596 557 2619 mittit
570 2604 588 2619 c.
620 2603 666 2619 om.
679 2597 760 2619 uobis

262 2631 393 2657 spiritum
405 2630 535 2653 ueritatis
549 2628 579 2652 G.

784 249 1045 278 SECUNDUM
1063 248 1174 276 IOHA
1181 246 1331 276 NNEM.

972 332 989 355 J
1004 332 1143 363 (capitula).

808 377 844 405 Et
861 377 896 405 de
911 377 1030 405 floribus
1045 377 1216 414 palmarum.

809 517 936 545 XXVII.
972 517 1031 545 Ubi
1065 516 1171 545 Graeci
1207 521 1309 553 petunt

849 564 945 592 uidere
961 563 1069 591 Iesum.
1112 563 1150 591 Et
1166 563 1202 591 de
1217 572 1308 600 grano

849 611 932 639 tritici
962 616 989 638 et
1018 610 1156 638 ministris
1182 615 1211 637 ut
1242 619 1309 638 eum

850 662 1015 695 sequantur.

808 844 845 872 Et
861 853 919 872 uox
935 844 971 872 ad
988 852 1055 871 eum
1071 843 1145 871 facta
1159 849 1209 871 est.

809 891 952 920 XXVIII.
974 890 1033 918 Ubi
1049 890 1131 919 Iesus
1144 899 1175 918 se
1187 891 1309 918 abscon-

850 938 898 966 dit.

808 986 845 1013 Et
860 985 961 1013 iterum
974 984 1041 1013 dicit
1053 993 1108 1021 ego
1123 984 1172 1012 lux
1187 984 1217 1011 in
1232 984 1308 1012 hunc

850 1032 990 1060 mundum
1007 1032 1082 1059 ueni.

810 1172 969 1200 XXVIIII.
992 1171 1051 1200 Ubi
1074 1171 1164 1209 pedes
1185 1171 1308 1208 discipu-

849 1219 942 1247 lorum
957 1219 1033 1247 lauit.

810 1407 907 1436 XXX
930 1407 975 1435 De
990 1407 1130 1435 mandato
1146 1416 1233 1435 nouo.

811 1454 950 1483 Praedicit
973 1454 1060 1482 Petro
1084 1455 1151 1491 quia
1177 1460 1218 1482 ter
1244 1462 1310 1482 eum

851 1507 945 1538 negeb

812 1549 849 1576 Et
870 1550 919 1577 ubi
943 1549 1093 1586 Philippus
1118 1548 1231 1577 ostendi
1258 1548 1311 1576 sibi

853 1596 968 1624 Patrem
984 1597 1060 1633 petit.

812 1927 922 1955 XXXI.
945 1926 1004 1954 Ubi
1027 1926 1113 1954 alium
1136 1925 1310 1954 aduocatum

851 1974 992 2011 promittit
1018 1974 1095 2002 dare.
1141 1973 1179 2001 Et
1208 1981 1310 2009 pacem

851 2021 996 2058 discipulis
1012 2021 1152 2058 relinquit.

1793 255 1856 286 503

1419 330 1443 352 K
1452 330 1529 353 Harl.
1545 334 1608 360 2790
1620 331 1701 353 Nanr.
1715 330 1803 354 Bamb.

1402 375 1460 403 dno
1475 381 1675 412 processerunt
1687 381 1714 403 et
1729 376 1778 404 ubi
1794 376 1858 404 dicit

1403 422 1499 450 anima
1514 431 1580 450 mea
1595 423 1707 450 turbata
1723 428 1773 451 est.

1364 844 1493 873 XXIIII.
1523 844 1581 872 Ubi
1604 844 1673 872 dicit
1694 853 1762 872 cum
1784 849 1863 872 tanta

1405 892 1487 928 signa
1503 891 1615 920 fecisset
1632 900 1692 919 non
1708 890 1862 919 credebant

1403 939 1432 966 in
1448 948 1515 966 eum
1531 943 1558 967 et
1570 939 1618 966 ubi
1634 938 1699 966 dicit
1712 938 1760 975 qui
1773 937 1862 965 credit

1403 986 1432 1012 in
1448 995 1495 1014 me
1511 985 1599 1014 credit
1619 986 1647 1013 in
1669 994 1735 1013 eum
1751 985 1799 1021 qui
1815 994 1861 1012 me

1403 1037 1487 1060 misit.

1363 1173 1458 1201 XXV.
1480 1173 1524 1202 De
1542 1183 1632 1202 caena
1647 1173 1697 1201 dni
1713 1178 1739 1200 et
1754 1172 1862 1210 pedum

1403 1220 1555 1249 lauatione.

1365 1648 1476 1676 XXVI.
1499 1648 1557 1676 Ubi
1578 1653 1677 1676 monet
1699 1653 1730 1675 ut
1752 1656 1782 1674 se
1803 1646 1863 1674 dili-

1405 1701 1475 1732 gant
1491 1695 1526 1723 de
1542 1695 1613 1733 petri
1628 1694 1821 1731 abnegatione
1837 1698 1864 1721 et

1408 1752 1468 1771 non
1485 1743 1610 1770 turbetur
1625 1751 1674 1770 cor
1689 1746 1825 1770 uestrum.

1365 1925 1491 1953 XXVII.
1514 1924 1572 1952 Ubi
1595 1924 1648 1952 dfis
1671 1923 1737 1951 dicit
1757 1923 1779 1950 si
1804 1922 1864 1949 dili-

1405 1972 1470 2009 gitis
1489 1981 1536 1999 me
1559 1970 1697 1998 mandata
1719 1978 1784 1997 mea
1807 1978 1863 1996 ser-

1405 2024 1470 2047 uate
1483 2023 1509 2046 et
1522 2026 1577 2055 ego
1589 2018 1700 2054 rogabo
1712 2022 1823 2053 patrem
1836 2021 1864 2043 et

1404 2067 1492 2094 alium
1502 2065 1678 2102 paracletum
1684 2064 1761 2091 dabit
1771 2063 1862 2090 uobis.

1399 2141 1498 2164 XXIII.
1529 2139 1637 2163 animam
1664 2138 1715 2161 eius
1740 2137 1863 2160 turbatam

1364 2182 1414 2198 esse
1427 2175 1508 2197 lVanc.

1396 2206 1509 2230 XXIIII.
1533 2205 1622 2227 dicitur
1642 2203 1740 2227 Na7ll'.*
1757 2206 1782 2228 >
1797 2201 1863 2224 misit

1363 2248 1401 2263 me
1414 2239 1491 2262 Harl.
1505 2237 1593 2261 Bamb.

1396 2272 1477 2296 XXV.
1497 2278 1555 2294 cena
1568 2270 1648 2293 Μυῖα.

1397 2305 1506 2328 XXVII.
1527 2303 1678 2334 paraclytum
1688 2301 1764 2324 Harl.
1774 2300 1860 2323 Bamb.
