2209 3147
660 256 885 285 CAPITULA
913 255 1020 284 ALIA
1048 255 1107 283 IN
1125 255 1192 283 MA
1202 256 1405 284 TTHEUM.

438 350 499 373 Far.
512 350 568 373 Lat.
585 350 672 380 10438.

258 398 366 426 LVIII.
386 397 430 426 De
446 407 480 426 eo
495 397 575 434 quod
590 397 754 434 passionem
770 406 851 424 suam

296 445 413 482 predicit
430 450 458 472 et
481 445 516 472 de
537 448 642 472 statere
661 453 747 481 quem
770 444 851 471 iussit

296 492 356 520 tolli
382 492 410 519 in
433 501 480 519 ore
503 491 590 528 piscis
612 496 639 519 et
661 490 697 518 de
720 490 850 518 humilia-

295 540 370 567 tione
385 539 464 575 pueri
480 543 507 565 et
522 538 557 565 de
573 547 628 565 oue
644 538 771 565 erratica.

253 819 377 847 LVIIII.
401 819 445 846 De
461 819 640 855 correptione
656 823 684 846 et
699 818 848 855 indulgen-

291 866 330 893 tia
344 865 468 893 fraterna
483 866 512 893 in
527 865 701 893 alterut1um.

251 1006 312 1034 LX.
337 1006 381 1034 De
401 1015 437 1035 eo
452 1007 531 1043 quod
554 1015 654 1034 seruus
675 1015 847 1034 conseruum

292 1059 410 1090 propter
425 1058 539 1082 centum
556 1052 689 1081 denarios
706 1052 836 1081 suffocat.

250 1240 328 1267 LXI.
351 1239 396 1268 De
409 1250 443 1268 eo
459 1240 539 1277 quod
553 1250 612 1268 non
629 1241 709 1269 liceat
725 1250 845 1269 uxorem

290 1287 431 1315 dimittere
455 1293 482 1315 et
511 1288 545 1316 de
571 1294 731 1324 spontanea
755 1297 845 1315 eunu-

290 1334 462 1363 chizatione.

250 1381 343 1410 LXII.
367 1381 412 1410 De
435 1391 470 1410 eo
496 1382 575 1419 quod
600 1382 784 1419 paruulorum
811 1383 845 1410 sit

287 1438 408 1466 regnum
425 1429 579 1458 caelorum.

247 1712 357 1741 LXIII.
379 1713 424 1742 De
439 1714 576 1751 operariis
594 1714 623 1741 in
643 1714 758 1741 uineam
775 1722 844 1741 con-

286 1760 387 1788 ductis.

246 1851 373 1880 LXIIII.
397 1852 442 1881 De
464 1862 500 1881 eo
523 1853 603 1889 quod
623 1853 695 1881 filius
718 1853 844 1881 hominis

286 1899 444 1927 tradendus
467 1900 502 1927 sit
521 1905 549 1927 et
571 1900 606 1928 de
625 1900 689 1927 filiis
708 1899 843 1928 zebedaei

286 1951 313 1974 et
329 1946 364 1974 de
379 1947 473 1983 primo
489 1947 620 1975 accubitu
636 1947 664 1974 in
680 1947 784 1975 caenis.

245 1992 336 2020 LXV.
359 1992 404 2021 De
420 1993 533 2021 duobus
549 1994 642 2022 caecis
663 2003 745 2022 secus
765 1995 842 2022 uiam

285 2040 458 2068 sedentibus.

244 2086 352 2114 LXVI.
375 2087 421 2115 De
444 2087 526 2116 asino
545 2093 573 2116 et
593 2087 672 2124 pullo
691 2097 765 2125 quos
787 2088 842 2117 dns

284 2134 365 2161 iussit
381 2134 434 2162 sibi
449 2134 562 2162 adduci.

243 2273 368 2302 LXVII.
390 2274 435 2302 De
460 2276 563 2303 arbore
585 2276 632 2303 fici
656 2285 729 2313 quae
753 2276 840 2304 male-

283 2321 410 2350 dictione
425 2322 473 2350 dfii
489 2322 568 2351 arida
583 2322 657 2351 facta
672 2328 723 2351 est.

243 2414 382 2442 LXVIII.
405 2414 449 2443 De
470 2415 587 2444 homine
603 2417 652 2453 qui
671 2417 744 2445 duos
764 2417 838 2446 filios

281 2471 311 2489 1n
326 2462 442 2489 uineam
457 2463 540 2491 misit.

242 2508 396 2536 LXVIIII.
412 2508 457 2537 De
469 2519 505 2538 eo
516 2510 595 2547 quod
607 2511 742 2539 uinitores
754 2512 837 2540 inter-

1052 348 1083 370 H
1082 347 1116 370 ila
1119 347 1180 370 rius.

904 588 1017 617 XVIII.
1040 589 1085 617 De
1107 588 1263 616 infantibus
1286 589 1327 616 in-

944 635 1047 663 hibitis.
1099 635 1144 664 De
1168 635 1326 663 humilitate

945 685 1044 704 eorum
1063 677 1246 704 assumenda.
1282 675 1326 703 De

944 732 1032 751 manu
1052 729 1080 751 et
1099 723 1183 760 pede,
1200 729 1227 750 et
1243 723 1326 751 oculo

944 770 1079 804 eruendoy
1097 777 1124 798 et
1140 770 1175 798 de
1192 779 1247 798 oue
1262 779 1324 807 per-

943 817 1010 845 dita.
1065 817 1108 845 De
1135 817 1326 854 corripiendis

944 864 1074 892 fratribus
1117 869 1224 892 secreto
1268 864 1324 900 pri-

943 921 1030 943 mum,
1053 918 1114 939 tum
1134 911 1248 939 duobus
1270 917 1325 939 tes-

942 959 1026 990 tibus,
1040 964 1187 995 postremo
1203 958 1325 986 ecclesia

942 1011 1099 1042 praesente.
1161 1005 1198 1033 Et
1246 1005 1325 1042 quod

942 1061 1056 1089 semper
1101 1052 1323 1089 ignoscendum.

944 1098 988 1127 De
1012 1108 1047 1127 eo
1068 1100 1117 1136 qui
1140 1108 1322 1133 conseruum,

944 1147 1064 1174 remisso
1091 1147 1143 1174 sibi
1166 1155 1183 1173 a
1204 1146 1324 1174 domino

941 1193 1046 1227 debito,
1064 1193 1224 1221 suffocauit.

900 1239 982 1267 XIX.
1020 1240 1137 1268 Transit
1175 1240 1201 1267 in
1244 1239 1324 1267 Gali-

942 1287 1041 1316 laeam.
1106 1287 1237 1314 Uxorem
1264 1296 1321 1314 non

939 1334 1044 1362 debere
1074 1335 1224 1362 dimittere.
1278 1334 1322 1362 De

940 1381 1087 1409 eunuchis.
1135 1381 1179 1409 De
1209 1381 1322 1408 infanti-

939 1428 993 1455 bus
1018 1428 1152 1456 inhibitis.
1195 1428 1321 1455 Diuitem

943 1474 1055 1503 difficile
1073 1475 1188 1503 introire
1209 1475 1238 1502 in
1259 1484 1321 1511 reg-

943 1531 1015 1550 num
1030 1522 1186 1550 coelorum.

898 1704 962 1732 XX.
987 1703 1032 1732 De
1048 1713 1098 1741 spe
1115 1703 1320 1740 apostolorum.

939 1751 983 1779 De
1020 1751 1186 1778 nouissimis
1222 1750 1320 1787 primis

938 1798 1102 1826 efficiendis.
1135 1797 1193 1825 Ubi
1211 1797 1319 1825 condu-

937 1851 1040 1873 cuntur
1066 1845 1185 1881 operarii
1215 1844 1251 1872 ad
1278 1845 1319 1872 ui-

937 1901 1030 1920 neam.
1047 1892 1091 1919 De
1099 1891 1319 1919 filiisZebedaei.

936 1939 982 1967 De
1032 1939 1126 1976 primo
1176 1939 1317 1966 accubitu.

937 1986 980 2014 De
997 1986 1111 2014 duobus
1127 1986 1221 2014 caecis
1237 1995 1318 2014 secus

936 2034 1014 2061 uiam
1031 2033 1206 2061 sedentibus.

894 2080 975 2108 XXI.
1019 2080 1063 2108 De
1086 2081 1165 2108 asina
1188 2086 1215 2108 et
1238 2080 1318 2117 pullo

935 2128 1004 2156 eius.
1045 2127 1088 2155 De
1104 2128 1200 2155 eiectis
1216 2137 1231 2155 e
1248 2134 1316 2156 tem-

934 2175 983 2212 plo
1013 2175 1218 2203 nummulariis.
1272 2174 1316 2203 De

935 2222 989 2250 ficu
1000 2222 1159 2250 maledicta.
1189 2221 1234 2250 De
1247 2222 1316 2249 duoâ€”

933 2270 987 2297 bus
1024 2269 1087 2296 filiis
1122 2269 1160 2296 ad
1201 2268 1315 2296 uineam

933 2316 1034 2343 missis.
1086 2315 1131 2343 De
1156 2315 1315 2352 publicanis

933 2368 960 2390 et
976 2363 1180 2390 meretricibus.

892 2509 989 2538 XXII.
1013 2509 1058 2537 De
1074 2510 1251 2545 uinitoribus,
1264 2510 1313 2547 qui

1742 257 1802 297 687

1466 347 1585 370 Rabanus
1603 348 1719 371 Maurus.

1381 589 1495 617 XVIII.
1512 589 1606 617 Docet
1617 589 1804 619 humilitatem

1421 636 1557 673 exemplo
1569 636 1765 673 paruulorum,
1776 642 1804 665 et

1420 683 1567 711 neminem
1593 692 1695 711 eorum
1719 693 1802 712 scan-

1421 729 1619 765 dalizandum3
1636 731 1803 768 exemplum

1420 777 1555 813 proponit
1568 777 1602 805 de
1615 786 1671 805 oue
1682 783 1802 812 errante,

1419 830 1446 851 et
1468 824 1580 860 quoties
1602 823 1677 852 fratri
1702 825 1737 852 sit
1760 825 1803 862 ig-

1420 870 1607 898 noscendum.

1378 1236 1458 1265 XIX.
1482 1236 1613 1265 Uxorem
1626 1246 1684 1265 non
1698 1237 1802 1265 debere

1418 1283 1521 1310 dimitti
1540 1284 1631 1318 docet,
1649 1290 1675 1312 et
1696 1284 1730 1311 de
1753 1293 1801 1311 eu-

1417 1330 1535 1365 nuchis3
1553 1330 1676 1358 infantes
1688 1340 1704 1359 a
1714 1331 1801 1359 bene-

1418 1377 1541 1405 dictione
1576 1387 1635 1406 non
1665 1387 1726 1406 esse
1756 1387 1801 1406 ar-

1417 1424 1542 1459 cend0s3
1561 1424 1677 1452 diuitem
1689 1424 1800 1453 difficile

1418 1471 1591 1499 intraturum
1620 1472 1650 1499 in
1679 1481 1799 1508 regnum

1417 1518 1579 1553 coelorumÍ¾
1594 1523 1621 1546 et
1631 1519 1800 1556 centuplum

1417 1570 1605 1602 recepturumâ·
1629 1566 1678 1602 qui
1701 1566 1800 1593 omnia

1416 1611 1520 1639 deserit
1552 1617 1673 1649 propter
1701 1612 1799 1641 Chris-

1415 1664 1484 1686 tum.

1375 1705 1440 1733 XX.
1454 1706 1593 1734 Parabola
1600 1707 1798 1744 operariorum

1415 1753 1443 1780 in
1461 1753 1555 1788 uinea,
1572 1753 1606 1781 de
1623 1754 1685 1781 filiis
1706 1753 1798 1782 Zebe-

1416 1800 1486 1834 daei,
1504 1806 1532 1828 et
1547 1801 1685 1829 accubitis
1700 1801 1798 1838 primis

1414 1856 1540 1881 coenaeÍ¾
1561 1847 1595 1875 de
1607 1848 1720 1876 duobus
1733 1857 1797 1876 cae-

1414 1894 1455 1922 cis
1471 1903 1554 1922 secus
1570 1895 1654 1923 uiam.

1372 2081 1455 2109 XXI.
1478 2081 1522 2110 De
1538 2082 1669 2119 ingressu
1685 2082 1751 2111 Iesu
1765 2083 1794 2111 in

1413 2129 1578 2163 Ierusalem,
1603 2135 1629 2157 et
1655 2130 1793 2158 eiectione

1412 2176 1598 2204 uendentium
1619 2186 1654 2204 ex
1675 2177 1793 2214 templo.

1410 2222 1456 2250 De
1478 2223 1673 2259 indignatione
1695 2223 1793 2251 Phari-

1411 2279 1545 2298 saeorum
1571 2279 1656 2307 super
1688 2280 1794 2307 pueros

1410 2317 1575 2351 clamantes,
1640 2317 1792 2346 Hosanna.

1410 2363 1454 2391 De
1467 2364 1522 2392 ficu
1539 2364 1626 2398 arida,
1638 2370 1665 2392 et
1681 2364 1791 2393 Ioanne

1410 2410 1548 2447 Baptista,
1564 2414 1610 2438 elc.

1367 2511 1462 2538 XXII.
1499 2510 1544 2538 De
1576 2510 1692 2539 homine
1722 2522 1789 2549 rege

1471 2692 1568 2722 4U2
