2209 3147
425 256 486 285 180

681 340 790 364 AHVY.

424 387 538 416 XXIII.
561 387 606 416 De
622 392 732 425 septem
747 386 870 424 panibus
885 391 912 415 et
927 387 1027 424 paucis

464 435 608 473 pisciculis
628 439 763 471 quattuor
778 433 930 463 hominum
950 434 1028 462 milia

465 482 609 510 saturauit.

424 528 554 557 XXIIII.
577 528 738 556 Pharisaeis
757 528 872 565 signum
887 536 1028 565 quaeren-

464 576 539 604 tibus
550 575 609 603 dari
620 580 706 612 negat
715 579 743 602 et
752 574 915 603 doctrinam
927 583 1027 602 eorum

463 623 609 660 praecepit
645 623 698 650 sub
737 621 868 650 fermenti
908 621 1027 650 nomine

465 671 707 709 praecauendum.

424 767 519 796 XXV.
543 767 671 796 Caecum
692 767 831 805 paulatim
851 772 931 795 curat
950 771 977 794 et
996 770 1028 794 ut

464 815 571 843 nemini
587 815 693 844 diceret
706 815 836 851 imperat.

424 862 535 890 XXVI.
566 862 815 899 Interrogantibus
844 870 931 899 quern
960 869 1027 888 eum

464 910 594 938 dicerent
614 914 710 947 petrus
732 909 869 937 christum
892 908 936 936 dei
956 916 1026 936 con-

465 957 558 985 fitetur
580 962 607 985 et
630 965 699 985 mox
726 956 794 993 quia
817 955 937 983 domino
961 963 1026 991 pas-

464 1013 563 1032 surum
583 1013 614 1032 se
633 1003 737 1032 dicenti
757 1001 965 1030 contradixerit
984 1010 1028 1029 ar-

465 1051 568 1087 guitur.

424 1098 552 1126 XXVII.
579 1097 638 1132 Qui
664 1097 758 1135 perdit
783 1097 876 1133 inquit
900 1095 1027 1123 animam

465 1154 548 1173 suam
567 1150 683 1181 propter
698 1153 744 1172 me
765 1143 874 1171 inuenit
893 1151 957 1171 eam
974 1151 1027 1170 nec

465 1197 631 1229 gustaturos
643 1191 786 1229 quosdam
799 1195 922 1218 mortem
934 1189 1028 1217 donec

466 1239 582 1266 uideant
611 1247 678 1266 eum
707 1239 736 1266 in
766 1247 857 1275 regno
882 1237 943 1265 eius
972 1241 1027 1264 sta-

466 1286 575 1323 timque
598 1285 814 1322 transfiguratus
837 1284 980 1312 inducitur
1000 1288 1028 1311 et

466 1332 621 1361 iohannem
650 1332 742 1360 heliae
768 1331 879 1369 passuri
906 1331 967 1368 ipse
993 1330 1027 1358 si-

466 1380 543 1407 milia
559 1388 676 1417 passum
693 1379 769 1407 dicit.

426 1609 570 1637 XXVIII.
594 1608 699 1637 Omnis
714 1608 839 1645 populus
855 1607 957 1636 uidens
977 1607 1028 1635 do<

467 1657 578 1684 minum
618 1665 778 1693 pauescens
817 1663 1029 1691 occurrensque

467 1703 570 1731 salutat
589 1708 617 1731 et
635 1703 708 1731 filius
728 1702 877 1730 cuiusdam
896 1701 1030 1729 incredu-

467 1750 575 1778 litatem
605 1759 686 1778 suam
721 1750 811 1778 iuuari
841 1749 985 1786 precantis
1014 1757 1030 1776 a

467 1797 622 1825 daemonio
638 1797 781 1824 liberatur.

427 1844 537 1871 XXIX.
561 1843 749 1871 Tradendum
772 1852 801 1871 se
822 1843 1030 1879 praenuntians

468 1896 496 1919 et
508 1891 664 1928 discipulos
676 1890 745 1927 quid
761 1890 790 1917 in
802 1891 849 1918 uia
862 1894 1030 1918 tractassent

468 1938 651 1974 interrogans
677 1937 761 1965 docet
790 1937 944 1974 primatum
971 1946 1029 1965 non

468 1994 531 2013 esse
546 1984 753 2022 quaerendum.

428 2032 524 2060 XXX.
547 2032 690 2060 Uirtutem
712 2032 742 2059 in
763 2031 824 2059 eius
848 2031 964 2059 nomine
988 2030 1030 2058 fa-

469 2080 577 2107 cientes
599 2088 659 2107 non
681 2078 748 2107 sinit
772 2078 917 2115 prohiberi
941 2084 968 2106 et
995 2078 1030 2106 de

469 2126 631 2154 abscisione
660 2126 859 2153 membrorum
889 2125 1030 2153 scandali-

469 2173 595 2202 zantium
612 2172 766 2210 figuraliter
781 2172 874 2201 docet.

461 2278 560 2301 XXIII.
579 2277 710 2309 pisciculos
723 2277 758 2301 H.

461 2311 574 2334 XXIIII.
594 2311 713 2341 praecipit
731 2310 764 2333 H.

434 2344 517 2366 Thom.

462 2376 557 2400 XXVI.
576 2378 635 2399 dei:
652 2384 697 2399 om.
710 2376 751 2403 H:
773 2376 822 2399 dici
834 2376 881 2399 cod.
891 2379 930 2406 ap.
945 2376 1028 2399 Tlmm.

429 2409 575 2432 contradicit
589 2409 674 2432 A'HY
691 2409 775 2432 Tlroaen.

463 2441 571 2464 XXVII.
585 2441 691 2465 inueniet
708 2442 792 2464 Tlmm.
827 2449 878 2464 nec
893 2444 963 2468 gust.
974 2444 1029 2464 clim:

429 2477 530 2503 negatur
551 2474 671 2505 quosdam
696 2478 801 2497 mortem
825 2474 920 2497 uisuros
946 2474 1029 2496 Tlmm.

429 2507 516 2537 adfin.
530 2507 618 2530 dicitur
636 2507 719 2530 Tlmm.

462 2539 557 2562 XXIX.
577 2540 736 2570 pronuntians
754 2539 836 2562 Tllom.

802 2310 994 2341 praecauendum
1008 2310 1031 2333 Y

902 254 1131 283 CAPITULA
1159 255 1215 284 IN
1236 254 1566 284 EUANGELJUM

1181 340 1251 364 COT
1264 340 1341 363 Harl.
1357 345 1428 371 2797.

1122 386 1167 415 De
1201 392 1314 424 septem
1347 386 1471 423 panibus
1506 385 1535 413 in

1162 439 1297 472 quattuor
1330 433 1408 461 milia
1441 432 1535 461 horni-

1162 490 1243 508 num.

1121 528 1263 556 Phariseis
1278 527 1463 565 querentibus
1478 525 1535 554 hab

1162 584 1197 603 eo
1221 574 1337 611 signum
1363 579 1463 602 monet
1488 582 1534 601 ca-

1163 622 1221 650 ueri
1241 631 1257 649 a
1279 621 1420 649 fermento
1440 620 1534 657 phari-

1163 678 1278 697 seorum
1307 674 1335 696 et
1361 667 1534 696 herodiano—

1162 725 1234 744 rum.

1122 763 1166 791 De
1190 769 1276 800 sputo
1302 771 1390 790 caeco
1414 761 1534 790 hoculos

1162 810 1301 847 haperuit.

1123 857 1223 885 Petrus
1258 856 1411 885 confitetur
1440 856 1534 892 ipsum

1163 904 1244 932 hesse
1260 903 1406 932 christum.

1122 951 1159 980 Et
1181 951 1275 979 eidem
1295 956 1377 987 petro
1401 950 1467 977 dicit
1490 958 1534 977 sa-

1163 998 1265 1026 thanas
1294 997 1348 1025 hac
1378 1002 1535 1034 negantem

1163 1055 1193 1074 se
1209 1050 1388 1081 negaturum.

1122 1092 1160 1120 Et
1179 1092 1322 1130 quosdam
1343 1101 1403 1120 non
1421 1091 1536 1119 uisuros

1164 1145 1288 1167 mortem
1324 1139 1379 1166 nisi
1414 1138 1536 1166 uiderint

1164 1196 1286 1223 regnum
1303 1185 1357 1214 dei.

1123 1280 1157 1308 In
1176 1284 1274 1308 monte
1290 1289 1357 1308 cum
1374 1288 1474 1316 moyse
1490 1284 1535 1307 aet

1164 1327 1237 1355 helia
1253 1326 1444 1364 conloquitur.

1123 1374 1209 1402 Unde
1238 1374 1419 1402 descendens
1449 1373 1535 1400 inter·
1563 1399 1564 1403 ,

1164 1426 1282 1458 rogatus
1308 1421 1343 1449 de
1367 1420 1458 1448 heliae
1484 1419 1534 1447 ad-

1164 1474 1254 1496 uentu
1269 1468 1337 1496 dicit
1358 1476 1442 1496 aeum
1463 1476 1534 1494 uen-

1164 1522 1258 1543 turum
1283 1515 1334 1544 sed
1356 1520 1383 1542 et
1405 1515 1461 1542 iarn
1484 1523 1535 1542 ue-

1164 1563 1248 1591 nisse.

1124 1609 1192 1638 Non
1208 1610 1279 1638 acici
1299 1618 1384 1647 posse
1405 1609 1535 1646 spiritum

1163 1657 1337 1685 inmundum
1387 1656 1440 1684 nisi
1486 1665 1537 1692 per

1164 1703 1345 1732 horationem
1385 1708 1413 1731 et
1456 1703 1535 1739 geiti-

1165 1751 1253 1778 nium.

1083 1847 1179 1874 VIII.
1196 1847 1242 1873 Ut
1252 1846 1311 1879 qui
1322 1846 1397 1873 uult
1407 1846 1536 1878 primus

1165 1901 1257 1921 aesse
1299 1894 1358 1920 fiat
1396 1893 1536 1920 nom‘ssi-

1165 1948 1247 1968 mus.

1124 2034 1160 2062 Et
1186 2043 1246 2062 non
1272 2043 1353 2062 aesse
1379 2034 1531 2070 prohiben-

1165 2081 1235 2109 dum
1269 2081 1317 2118 qui
1351 2081 1379 2108 in
1416 2081 1534 2109 nornine

1165 2128 1242 2156 aeius
1258 2128 1391 2155 uirtutem
1408 2128 1482 2155 facit.

1120 2174 1534 2212 etdecalicaeaquaefrigidae.

1597 339 1614 363 J
1628 339 1732 369 (breues)
1746 339 1793 362 ΟΧ
1800 339 1861 363 Par.
1875 339 1932 363 Lat.
1948 339 2034 370 10438.

1589 385 1623 413 de
1645 390 1756 422 septem
1771 385 1895 422 panibus
1913 385 1942 412 in
1958 391 2042 422 quat-

1629 437 1695 460 tuor
1709 431 1788 460 milia
1805 431 1957 460 hominum

1588 537 1688 560 monet
1716 541 1819 560 cauere
1852 541 1869 559 a
1901 531 2043 560 fermento

1628 579 1845 616 pharisaeorum

1588 760 1623 788 de
1635 765 1720 797 sputo
1733 769 1822 788 caeco
1837 760 1938 789 oculos
1953 760 2042 797 aperit

1588 859 1670 891 petro
1718 859 1784 891 post
1830 854 2042 883 confessionem

1628 911 1711 929 suam
1734 902 1804 929 dure
1826 902 1954 938 increpat

1587 1281 1616 1308 in
1633 1286 1733 1310 monte
1748 1279 1965 1316 transfiguratur

1589 1620 1648 1638 non
1674 1619 1760 1647 posse
1783 1612 1847 1646 spm
1870 1610 2042 1639 inmundum

1630 1657 1683 1685 eici
1710 1657 1763 1684 nisi
1785 1666 1835 1694 per
1857 1657 1993 1686 ieiunium
2015 1663 2043 1686 et

1630 1704 1791 1733 orationem
1807 1704 1882 1732 dicit.

1590 1845 1673 1874 VIII.
1698 1844 1899 1873 Humilitatem
1915 1845 1998 1874 docet

1588 2039 1615 2062 et
1644 2043 1703 2062 non
1735 2043 1798 2062 esse
1830 2033 2041 2070 prohibendum

1628 2080 1677 2117 qui
1693 2081 1721 2108 in
1738 2080 1856 2108 nomine
1874 2080 1934 2108 eius
1951 2080 2039 2108 uirtu-

1627 2132 1684 2155 tem
1700 2127 1766 2155 facit

1588 2173 1624 2201 Et
1637 2174 1672 2202 de
1688 2174 1797 2202 calicae
1813 2183 1906 2210 aquae
1921 2173 2040 2210 frigidae

1117 2277 1174 2299 VII.
1195 2278 1225 2299 in
1241 2279 1390 2304 quattuor:
1411 2280 1449 2299 aet
1464 2276 1532 2307 quin-

1083 2317 1130 2340 que
1147 2310 1218 2340 lapsu
1238 2310 1266 2332 C.
1311 2312 1337 2335 >
1358 2309 1445 2332 oculos
1460 2317 1533 2332 caeco

1088 2342 1172 2365 leom.
1213 2344 1306 2369 ipsum
1320 2350 1324 2365 z
1353 2341 1422 2364 illum
1449 2342 1532 2365 7710111.

1084 2375 1194 2398 uiderent
1220 2375 1250 2397 Θ.
1309 2378 1335 2400 >
1364 2374 1480 2397 ieiunium
1510 2378 1533 2398 et

1084 2407 1221 2431 orationem
1236 2408 1320 2435 Ilm-l„
1335 2407 1418 2430 lem.

1116 2440 1187 2463 VIII.
1207 2440 1306 2463 uirtutes
1318 2442 1349 2463 θ’),

1586 2334 1641 2357 .ΪΟ’”’
1658 2333 1742 2356 Thom.

1623 2268 1681 2290 VII⁴
1701 2268 1782 2291 caueri
1804 2268 1819 2291 J
1846 2268 1930 2291 Thom.
1974 2268 2040 2290 caeci

1591 2301 1677 2324 Thom.
1715 2300 1811 2331 aperuit
1826 2300 1909 2324 lem.
1944 2304 2039 2331 petrum

1788 2337 1814 2359 >
1834 2341 1883 2356 non
1901 2333 1946 2356 eici
1968 2341 2040 2363 posse

1587 2375 1622 2397 sp.
1640 2366 1707 2390 imm.
1723 2366 1767 2389 JX
1785 2366 1868 2389 Thom.

1620 2399 1692 2421 VIII.
1713 2407 1758 2421 0111.
1769 2402 1798 2422 et
1806 2402 1861 2429 post
1873 2399 1941 2422 facit
1955 2398 2039 2420 Tlmm.
