2209 3147
343 263 405 294 502

507 338 608 362 AHVY
617 338 693 362 Harl.
710 342 779 368 2797.

385 395 470 423 super
496 385 607 422 pullum
629 384 727 412 asinae
754 383 826 411 sedit
852 383 945 420 phari-

384 433 458 461 saeis
477 432 638 460 dicentibus
723 435 799 459 totus
819 429 945 458 mundus

385 485 451 517 post
466 488 534 507 eum
550 478 627 506 abiit.

343 526 456 555 XXXI.
493 525 642 553 Nuntiatis
683 524 837 562 gentilibus
877 533 944 552 eum

384 574 482 602 uidere
492 573 658 601 uolentibus
668 572 770 600 horam
783 580 850 600 suae
863 571 944 599 clari-

384 620 526 649 ficationis
542 629 604 648 esse
623 619 689 647 dicit
705 624 733 647 et
747 628 871 655 granum
887 618 942 646 fru-

383 668 474 696 menti
500 672 648 695 mortuum
672 665 795 693 multum
818 665 943 693 fructum

383 714 552 752 pronuntiat
565 713 716 741 allaturum
733 713 943 741 ministrantem

383 771 500 799 quoque
524 761 577 789 sibi
599 759 851 788 honorificandum
877 769 943 797 pro-

383 809 467 836 mittit
483 818 499 836 a
516 813 604 845 patre.

343 856 470 883 XXXII.
505 855 643 883 Animam
680 863 763 882 suam
799 855 943 882 turbatam

383 912 446 931 6556
463 902 567 930 dicenti
583 907 610 930 et
622 901 768 929 clarificari
785 911 814 929 se
830 911 847 929 a
862 906 943 938 patre

383 948 517 986 poscenti
528 958 586 977 uox
599 949 634 976 de
648 949 727 977 caelo
741 949 777 976 ait
790 948 942 977 clarificaui

383 997 534 1034 posthaec
554 996 644 1024 multa
665 995 849 1033 prosequitur
870 996 943 1023 inter

382 1053 458 1081 quae
474 1053 503 1072 se
520 1053 578 1072 non
595 1043 631 1071 ad
645 1043 830 1071 iudicandum
844 1043 894 1071 sed
906 1043 943 1071 ad

383 1091 554 1120 saluandum
587 1091 728 1119 mundum
762 1091 877 1119 uenisse
913 1099 943 1119 se

383 1144 510 1167 testatur.

343 1186 485 1213 XXXIII.
510 1185 637 1221 Surgens
653 1195 669 1213 a
685 1194 757 1213 cena
773 1185 860 1222 pedes
876 1184 944 1213 lauit

383 1232 591 1269 discipulorum
608 1232 773 1269 exemplum
785 1232 898 1259 dedisse
914 1241 944 1259 se

384 1280 483 1308 dicens
512 1284 542 1306 ut
576 1279 629 1316 ipsi
661 1279 807 1307 conseruis
839 1278 944 1306 faciant

383 1326 463 1364 quod
495 1326 627 1354 omnium
660 1325 812 1353 dominum
846 1325 944 1353 fecisse

383 1374 549 1410 probarunt.

343 1421 503 1448 XXXIIII.
520 1419 588 1448 Non
601 1429 662 1447 esse
676 1428 790 1447 seruum
803 1419 943 1448 maiorem

384 1468 504 1496 domino
531 1467 630 1495 dicens
660 1471 724 1504 post
747 1467 943 1495 testimonium

383 1514 541 1551 scripturae
578 1513 674 1541 iudam
711 1514 821 1541 intincti
861 1514 943 1550 panis

384 1561 566 1598 porrectione
582 1560 721 1597 significat
743 1565 771 1588 et
787 1560 942 1597 discipulos

383 1608 575 1644 multipliciter
590 1607 764 1635 exhortatur.

342 1655 466 1683 XXXV.
490 1654 557 1683 Non
588 1655 715 1683 turbetur
739 1664 789 1683 cor
814 1660 942 1683 uestrum

383 1703 421 1730 ait
442 1702 587 1739 discipulis
607 1711 663 1739 ego
684 1711 747 1729 sum
769 1703 815 1730 uia
837 1703 943 1731 ueritas

383 1756 410 1777 et
421 1750 480 1777 uita
515 1750 563 1786 qui
576 1749 645 1777 uidit
656 1758 703 1777 me
714 1749 783 1777 uidit
793 1755 820 1777 et
832 1755 943 1786 patrem

383 1805 438 1833 ego
451 1797 479 1824 in
495 1802 574 1833 patre
587 1802 613 1824 et
626 1801 706 1833 pater
717 1797 745 1824 in
761 1805 808 1824 me
851 1797 942 1834 quod-

381 1852 506 1880 cumque
529 1843 665 1880 petieritis
686 1844 715 1870 in
738 1843 856 1872 nomine
876 1853 943 1872 meo

384 1890 439 1918 hoc
456 1891 568 1918 faciam.

342 1937 483 1965 XXXVI.
514 1937 707 1975 Diligentibus
737 1947 767 1966 se
797 1938 943 1975 discipulis

382 1985 576 2022 mandataque
607 1985 788 2013 seruantibus
817 1986 943 2022 paracle-

382 2037 441 2059 tum
464 2032 603 2068 promittit
629 2042 645 2060 a
670 2037 749 2069 patre
771 2033 943 2061 mittendum

382 2088 610 2116 mansurumque
621 2089 687 2107 cum
699 2080 740 2108 eis
752 2080 780 2107 in
793 2086 942 2108 aeternum

818 253 1046 283 CAPITULA
1075 252 1133 280 IN
1153 251 1471 281 EUANGELJUM

1074 337 1180 361 OECQIJ
1185 337 1278 367 (breues
1284 337 1371 363 „OTX.

1037 525 1075 553 Et
1096 525 1258 553 uolentibus
1277 524 1386 561 graecis
1406 524 1446 551 ui-

1078 572 1145 600 dere
1168 572 1233 599 Ihm
1261 571 1386 609 loquitur
1410 570 1446 598 de

1078 628 1169 657 grano
1199 619 1335 646 frumenti
1366 617 1445 655 quod

1078 667 1107 694 in
1122 672 1226 694 terram
1241 666 1369 693 mittitur.

1036 856 1073 883 Et
1089 865 1147 883 uox
1163 855 1198 882 de
1218 854 1300 882 caelo
1318 853 1354 881 ad
1371 853 1445 881 Ihm.

1036 903 1073 931 Et
1097 902 1176 939 quod
1199 901 1280 928 multi
1306 910 1341 928 ex
1368 900 1445 937 prin-

1077 949 1189 986 cipibus
1215 948 1387 976 crediderint
1416 947 1444 974 in

1077 997 1142 1024 Ihm
1165 996 1215 1024 sed
1238 999 1352 1032 propter
1374 994 1445 1031 pha-

1077 1044 1183 1072 risaeos
1199 1052 1259 1071 non
1275 1042 1445 1070 confiteren-

1077 1097 1129 1119 tur.

996 1188 1056 1214 XI.
1080 1187 1188 1213 Pedes
1199 1185 1444 1218 djseipulorum

1077 1233 1172 1260 lauit.

1038 1421 1083 1449 De
1109 1420 1198 1448 Iudae
1222 1420 1374 1448 traditione
1402 1425 1447 1447 aet

1077 1468 1149 1505 petri
1179 1467 1333 1504 negatione
1364 1476 1445 1504 prae-

1079 1515 1154 1543 dicit.

1036 1703 1074 1731 Et
1089 1703 1124 1731 de
1140 1703 1292 1731 dilectione
1308 1702 1436 1730 fratrum.

1036 1751 1073 1778 Et
1089 1751 1168 1788 quod
1184 1751 1244 1788 ipse
1260 1750 1289 1777 in
1304 1754 1384 1786 patre
1400 1755 1445 1778 aet

1077 1804 1157 1835 pater
1172 1797 1201 1825 in
1217 1798 1281 1834 ipso
1297 1802 1366 1825 aest.

1036 1939 1074 1967 Et
1089 1939 1123 1967 de
1140 1937 1348 1967 hobscruandis
1363 1947 1444 1965 man-

1078 1986 1150 2014 datis
1166 1986 1293 2023 paracliti
1310 1988 1367 2022 sps.

1504 335 1559 359 Ual.
1567 334 1639 358 Alex.
1649 333 1693 364 14(
1702 344 1722 352 =
1734 333 1873 363 lemsc.1.p.
1881 332 1948 363 544).

1499 521 1605 550 Graeci
1621 521 1657 549 ad
1670 521 1837 558 Philippum
1852 519 1949 547 uidere

1540 569 1636 597 Iesum
1673 568 1709 596 Et
1751 567 1878 606 loquitur
1914 566 1949 594 de

1539 625 1632 653 grano
1658 615 1793 643 frumenti
1817 613 1897 651 quod
1920 613 1949 640 in

1540 668 1643 691 terram
1666 663 1794 690 mittitur.

1498 850 1535 877 Et
1562 859 1619 878 uox
1644 849 1680 877 de
1705 848 1787 878 caelo
1811 849 1886 877 facta
1907 854 1951 877 est

1539 897 1576 924 ad
1593 896 1700 925 Iesum.

1498 944 1534 971 Et
1557 943 1637 980 quod
1658 943 1739 971 multi
1759 953 1794 971 ex
1814 942 1950 980 principi-

1539 991 1593 1019 bus
1622 990 1772 1019 credentes
1795 990 1825 1018 in
1852 990 1949 1018 Iesum

1539 1046 1599 1066 non
1609 1038 1821 1066 confitebantur
1830 1042 1949 1075 propter

1539 1085 1722 1113 Pharisaeos.

1498 1186 1550 1215 XI.
1574 1186 1666 1214 Pedes
1686 1185 1892 1223 discipulorum
1907 1185 1948 1214 la-

1538 1238 1587 1261 uat
1601 1239 1687 1270 atque
1704 1242 1754 1261 eos
1769 1233 1863 1262 docet.

1499 1421 1544 1449 De
1559 1421 1632 1450 Iuda
1653 1421 1788 1449 traditore
1809 1420 1949 1458 praedicit

1539 1474 1566 1497 et
1589 1468 1668 1506 quod
1684 1468 1785 1496 Petrus
1805 1472 1848 1496 ter
1868 1467 1948 1495 illum

1540 1521 1697 1553 negaturus
1711 1519 1795 1543 esset.

1498 1705 1534 1733 Et
1570 1704 1605 1732 de
1638 1704 1788 1732 dilectione
1824 1703 1948 1731 inuicem

1539 1752 1667 1780 fratrum.

1497 1799 1534 1827 Et
1560 1798 1639 1836 quod
1667 1798 1728 1835 ipse
1758 1798 1786 1825 in
1812 1803 1891 1834 patre
1921 1802 1948 1826 et

1538 1852 1620 1883 pater
1635 1846 1664 1873 in
1680 1845 1729 1873 illo
1743 1849 1795 1873 est.

1496 1940 1534 1968 Et
1550 1940 1584 1968 de
1601 1939 1749 1977 paraclyto
1766 1938 1880 1975 Spiritu.

1497 1987 1533 2015 Et
1549 1987 1584 2015 de
1600 1986 1791 2015 obseruandis
1803 1986 1948 2014 mandatis

1537 2044 1605 2063 eius.

373 2154 455 2176 XXX.
474 2154 540 2177 asine
554 2155 628 2178 Hm-l.

373 2186 470 2209 XXXI.
488 2187 601 2210 nuntians
620 2188 703 2210 Tlmm.
737 2195 812 2211 esse:
832 2196 856 2211 se
870 2189 902 2217 A,
915 2190 940 2212 sc}

340 2219 369 2247 Y,
383 2219 477 2242 uenisse
491 2219 524 2242 H.
560 2220 680 2243 alaturum
693 2221 768 2244 Harl.

373 2252 482 2275 XXXII.
502 2252 635 2276 clarificare
648 2253 670 2275 Y
684 2254 760 2276 Harl.
779 2254 864 2276 lem.
893 2261 939 2276 om.

340 2286 379 2307 ait
393 2285 422 2307 V.
457 2293 502 2307 om.
516 2293 544 2308 se
558 2289 614 2308 tert.
628 2286 677 2308 HV
690 2286 766 2309 Harl.
785 2286 869 2309 Tltom.

373 2317 496 2340 XXXIII.
510 2325 586 2340 caena
595 2318 681 2347 Harl„
692 2326 768 2342 coena
778 2319 862 2342 Tlmm.
887 2319 939 2350 ipse

340 2350 415 2373 Harl.
451 2350 533 2372 omnia
546 2351 621 2373 Harl.

373 2382 511 2405 XXXIIII.
530 2391 585 2405 sum
600 2383 686 2413 priori
705 2384 835 2414 coniungi(
853 2385 938 2412 Harl.‚

339 2415 384 2437 suh
397 2423 498 2437 numero
509 2416 634 2444 XXXIII,
643 2419 665 2438 cl
674 2416 774 2439 XXXV
789 2421 941 2439 muneratur

340 2448 470 2470 XXXIIII
483 2451 506 2470 el
516 2448 636 2471 similiter
644 2456 704 2479 seqq.
713 2449 831 2480 adfimwl
844 2450 939 2480 capilu—

339 2480 429 2503 lorum.
454 2481 585 2504 scribturae
596 2481 624 2503 Y.
650 2481 729 2504 intimi
740 2482 815 2504 Harl.
841 2490 937 2512 prorec-

339 2514 405 2536 tione
420 2513 452 2535 H.
480 2513 615 2543 discipulus
629 2514 662 2536 ΙΙ.
691 2518 816 2537 exortatur
830 2515 850 2537 Y
861 2515 937 2538 Harl.

372 2546 479 2568 XXXV.
498 2546 563 2569 uidet
577 2549 618 2576 pr.
633 2546 656 2569 H
672 2547 747 2570 Harl.
766 2548 859 2576 Tlmm„
873 2548 938 2571 uidet

339 2586 380 2601 sec.
396 2578 419 2600 ΙΙ
435 2578 511 2601 Harl.

372 2611 495 2634 XXXVI.
514 2613 691 2634 seruantibus
697 2613 794 2642 parlim
806 2613 833 2635 iu
845 2621 893 2636 ras.
904 2613 936 2636 ΙΙ.

339 2644 486 2675 paraclitum
499 2644 573 2666 Harl.
588 2644 682 2673 Thom.,
695 2645 806 2675 paracliti
821 2645 854 2668 ΙΙ.

1026 2155 1057 2178 X.
1092 2156 1255 2178 uolentibus
1266 2163 1270 2177 :
1314 2154 1444 2177 udentibus

992 2188 1064 2218 lapsu
1077 2187 1106 2216 C,
1119 2191 1141 2210 ct
1152 2195 1199 2210 om.
1212 2189 1319 2214 graecis
1333 2188 1352 2210 C
1364 2187 1443 2217 spatio

992 2224 1074 2243 tamen
1087 2220 1175 2243 relz'sto.
1212 2223 1274 2243 terra
1287 2219 1331 2243 O*.
1365 2221 1442 2243 caelo

999 2260 1015 2276 4-
1025 2253 1136 2276 factaoc.
1151 2256 1206 2283 post
1219 2255 1276 2275 ihm
1284 2261 1329 2276 om.
1344 2256 1372 2275 et.
1381 2252 1440 2275 1*x.

991 2294 1037 2309 om.
1062 2287 1138 2313 quod
1160 2293 1202 2309 sec.
1226 2286 1252 2309 J.
1293 2287 1376 2308 multi
1385 2292 1401 2308 ÷
1411 2285 1442 2308 ad

992 2320 1069 2342 iesum
1077 2318 1107 2341 Θ.
1127 2318 1380 2344 credideruntffilvoc,
1391 2326 1441 2341 cre-

991 2350 1270 2379 derent1*x‚eredunt.1.
1281 2353 1441 2378 ametquod

992 2403 997 2407 .
1008 2402 1012 2407 .
1023 2403 1027 2407 .
1037 2383 1178 2411 iesumO*t
1190 2391 1206 2407 ÷
1216 2384 1269 2411 OC).
1290 2383 1439 2407 onanouOE.

991 2417 1168 2440 confitebantur
1180 2416 1216 2442 fF.
1229 2416 1374 2440 confitentur
1388 2417 1439 2439 JO.

1024 2450 1069 2473 XI.
1089 2449 1155 2472 lauat
1173 2449 1242 2472 ΕΒΗ.
1273 2457 1318 2472 am.
1344 2452 1372 2472 et
1387 2453 1440 2480 pos!

991 2484 1130 2510 praedicit
1139 2482 1191 2505 ΨΘ
1201 2491 1205 2509 ;
1218 2482 1303 2505 dcimlc
1312 2490 1357 2505 om.
1367 2483 1400 2504 de
1409 2482 1439 2505 O.
1467 2514 1468 2522 ἵ

991 2517 1068 2543 ipso:
1087 2515 1132 2539 illo
1146 2515 1204 2538 zF10.
