2209 3147
386 250 447 289 696

671 342 731 364 Par.
745 341 802 364 Lal.
814 340 848 364 6¹.

386 390 551 419 XXXVIF.
575 389 619 417 De
634 398 731 417 cesare
746 394 773 417 et
789 398 887 417 numo.

386 482 565 513 XXXVII¹¹.
598 483 643 511 De
673 488 783 520 septem
815 483 945 511 fratribus
971 482 1020 520 qui
1050 490 1137 509 unam

427 540 548 560 uxorem
578 531 717 558 abuerunt
741 552 748 558 .
773 535 801 558 et
829 530 908 567 quod
937 535 980 557 est
1009 529 1136 566 primum

427 578 596 607 mandatum
620 599 625 606 .
648 583 676 606 et
702 577 781 614 quod
807 579 845 606 ait
871 587 930 606 non
954 586 984 605 es
1008 577 1094 613 longe
1121 585 1138 603 a

427 635 517 662 regno
533 626 588 654 dei.

386 719 449 748 XL.
471 720 631 755 Quomodo
658 719 755 747 dicunt
781 719 856 746 iudei
883 720 954 755 xpm
978 717 1019 745 dd
1045 717 1135 744 filium

428 777 490 796 esse
512 773 539 795 et
562 767 597 794 de
619 766 718 803 primis
740 765 884 794 accubitis.

388 956 466 984 XLI.
490 956 535 984 De
561 955 647 984 uidua
674 964 748 993 quae
774 954 832 982 duo
855 954 965 981 minuta
991 954 1019 980 in
1050 961 1138 990 gazo-

429 1003 522 1032 filacio
536 1003 620 1031 misit.

388 1050 484 1078 XLII.
507 1050 586 1085 Qum
602 1050 728 1078 dicerent
744 1049 779 1077 de
795 1048 936 1085 lapidibus
952 1047 1051 1084 templi
1069 1069 1074 1074 .
1091 1046 1137 1074 de-

429 1098 553 1134 signauit
564 1098 604 1125 eis
616 1096 807 1125 nouissimum
821 1101 935 1132 tempus
950 1117 954 1122 .
967 1100 994 1122 et
1011 1094 1059 1131 qui
1076 1103 1139 1130 per-

430 1145 604 1173 seuerauerit
621 1153 710 1180 usque
726 1144 753 1170 in
766 1143 870 1170 finem.
885 1147 911 1170 et
929 1142 963 1169 de
979 1142 1025 1169 die
1041 1146 1068 1169 et
1080 1150 1138 1169 ora.

388 1192 499 1220 XLIII.
515 1192 560 1220 De
572 1191 690 1219 muliere
702 1200 757 1227 que
771 1196 856 1227 caput
874 1190 920 1217 ihu
936 1193 1118 1226 perungento
1134 1209 1139 1215 .

429 1247 457 1270 et
477 1241 567 1269 habiit
587 1240 669 1268 iudas
690 1245 720 1268 ut
742 1249 808 1267 eum
831 1239 952 1267 traderet
970 1260 975 1265 .
991 1244 1018 1266 et
1038 1237 1139 1265 madu-

431 1289 506 1317 cauit
522 1297 588 1316 cum
604 1287 750 1324 discipulis
766 1286 882 1323 pascha.

391 1476 512 1506 XL1111.
536 1476 580 1505 De
596 1481 775 1504 sacramento
790 1485 869 1504 cene.

390 1524 482 1553 XLV.
506 1524 591 1552 Petro
606 1523 674 1551 dicit
696 1528 738 1551 ter
760 1532 806 1551 me
829 1522 948 1560 negabis
966 1544 971 1550 .
990 1522 1037 1550 ubi
1054 1521 1140 1549 tercio

432 1577 494 1600 orat
511 1571 553 1599 ihs
567 1576 594 1599 et
610 1569 849 1607 conprehendunt
865 1578 939 1598 eum.

392 1759 501 1788 XLVI.
524 1759 569 1787 De
595 1758 778 1787 adulescente
804 1758 911 1786 amicto
936 1757 1056 1785 sindone
1081 1778 1087 1784 .
1115 1761 1142 1784 et

433 1807 565 1835 inludunt
583 1806 641 1834 ihm
659 1828 664 1833 .
680 1812 707 1833 et
728 1810 826 1842 petrus
841 1804 889 1832 flet
905 1826 910 1831 .
927 1809 953 1832 et
972 1804 1142 1841 crucifigunt

433 1854 501 1882 ihm.

397 2319 514 2349 XLVI¹.
542 2321 610 2349 Post
634 2319 878 2349 resurreccionem
905 2317 1036 2355 apparuit
1061 2316 1143 2344 disci-

438 2369 510 2406 pulis
527 2391 532 2396 .
549 2375 575 2396 et
590 2368 666 2396 misit
682 2377 732 2396 eos
747 2373 777 2395 ut
793 2366 978 2403 baptizarent.

634 2524 741 2555 Explicit
754 2522 910 2554 capitulacio.
921 2519 926 2523 ⁴

1043 244 1283 274 EPILOGUS.

1467 337 1527 360 Par.
1541 338 1598 361 Lat.
1613 343 1665 368 ²77-

1190 385 1269 414 LVI.
1292 385 1349 413 Ubi
1369 385 1406 413 ait
1427 385 1536 413 reddite
1552 394 1626 422 quae
1648 391 1713 413 sunt
1730 386 1836 414 cesaris
1850 385 1940 414 cesari

1230 438 1257 460 et
1273 441 1348 469 quae
1369 438 1434 460 sunt
1450 432 1495 460 dei
1511 432 1574 460 deo.

1190 479 1284 507 LVII.
1311 478 1369 507 Ubi
1397 479 1645 516 interrogauerunt
1671 488 1738 507 eum
1765 480 1880 508 saducei
1905 480 1941 507 de

1230 526 1347 554 muliere
1364 535 1438 563 quae
1453 526 1553 554 habuit
1569 532 1681 564 septem
1697 527 1783 554 uiros.

1191 573 1299 602 LVIII.
1324 573 1382 601 Ubi
1412 573 1562 610 respondit
1588 573 1623 602 de
1653 573 1768 602 duobus
1797 573 1942 602 mandatis

1231 621 1340 648 scribae
1377 620 1412 648 de
1448 621 1600 649 dilectione
1637 621 1682 649 dei
1721 627 1749 649 et
1792 621 1942 649 dilectione

1231 668 1364 704 proximi.

1191 713 1270 742 LIX.
1301 714 1359 742 Ubi
1386 715 1420 742 de
1453 714 1540 742 dauid
1575 714 1645 742 dixit
1674 714 1754 752 quod
1790 714 1942 742 dominum

1232 770 1299 789 euni
1328 761 1443 789 uocauit
1473 767 1500 789 et
1534 761 1569 789 de
1601 761 1744 799 phariseis
1774 761 1840 798 quia
1876 770 1942 789 cum

1231 808 1372 837 honorem
1395 809 1431 836 ab
1456 808 1621 836 hominibus
1644 814 1765 846 querunt
1793 813 1820 836 et
1845 816 1943 836 come-

1233 856 1304 883 dunt
1333 855 1437 883 domos
1467 855 1620 883 uiduarum
1646 855 1841 883 abundantius
1871 853 1942 882 iudi-

1232 903 1309 931 cium
1331 902 1480 939 accipient.

1192 949 1254 977 LX.
1278 949 1336 978 Ubi
1352 949 1387 977 de
1404 950 1489 977 uidua
1511 949 1623 977 locutus
1643 954 1685 977 est
1701 957 1774 986 quae
1793 948 1868 976 misit
1884 948 1943 976 duo

1233 997 1261 1024 in
1277 996 1510 1034 gazophilatium.

1192 1044 1269 1072 LXI.
1292 1043 1350 1072 Ubi
1367 1044 1401 1072 de
1418 1044 1526 1081 templo
1542 1043 1689 1080 discipulis
1705 1043 1775 1071 dixit
1791 1042 1870 1080 quod
1885 1042 1943 1070 dis-

1233 1091 1390 1120 solueretur
1405 1097 1432 1119 et
1447 1091 1524 1119 aliud
1539 1097 1605 1128 post
1621 1091 1747 1118 triduum
1762 1090 1943 1118 resuscitare-

1232 1144 1278 1166 tur
1295 1161 1300 1166 .
1315 1144 1342 1166 et
1357 1139 1393 1166 de
1408 1138 1465 1166 fine
1482 1138 1568 1166 seculi
1586 1138 1675 1165 inulta
1690 1137 1802 1166 locutus
1816 1143 1868 1165 est.

1194 1185 1288 1213 LXII.
1312 1185 1368 1213 Ubi
1388 1191 1538 1222 unguento
1559 1185 1686 1222 pretioso
1704 1184 1806 1212 mulier
1821 1183 1944 1221 perfudit

1234 1233 1322 1270 pedes
1337 1233 1406 1260 eius.

1194 1280 1304 1308 LXIII.
1337 1279 1394 1308 Ubi
1425 1280 1503 1308 iussit
1533 1280 1679 1317 preparari
1705 1279 1758 1307 sibi
1783 1278 1892 1316 pascha
1916 1284 1944 1306 et

1235 1328 1346 1356 locutus
1372 1333 1414 1355 est
1437 1327 1471 1355 de
1494 1327 1628 1355 traditore
1651 1336 1704 1355 suo
1723 1336 1789 1355 cum
1813 1326 1858 1354 ille
1881 1335 1944 1354 cor-

1235 1381 1331 1412 reptus
1348 1380 1420 1403 esset
1437 1384 1453 1403 a
1469 1375 1567 1403 iudeis.

1195 1421 1281 1463 [U]bi
1298 1423 1322 1450 ei
1339 1422 1539 1450 eucharistiam
1556 1421 1677 1450 tradidit.

1195 1470 1321 1498 LXIIII.
1344 1469 1402 1497 Ubi
1421 1478 1510 1506 ymno
1526 1469 1604 1497 dicto
1622 1469 1734 1497 locutus
1750 1473 1793 1496 est
1811 1467 1846 1495 de
1862 1476 1944 1495 scan-

1235 1517 1302 1545 dalo
1318 1517 1445 1554 ipsorum
1462 1522 1488 1544 et
1501 1517 1580 1554 quod
1596 1525 1662 1544 eum
1678 1521 1774 1553 petrus
1789 1519 1945 1551 negaturus

1236 1570 1318 1593 esset.

1196 1612 1288 1641 LXV.
1316 1610 1372 1639 Ubi
1399 1611 1468 1639 dixit
1495 1611 1517 1639 si
1541 1611 1598 1638 fieri
1627 1615 1721 1647 potest
1750 1614 1875 1637 transeat
1898 1608 1945 1637 hic

1236 1659 1310 1687 calix
1331 1667 1397 1686 cum
1414 1658 1544 1695 discipuli
1565 1657 1625 1685 eius
1646 1657 1693 1686 illo
1715 1662 1816 1685 orante
1839 1655 1945 1684 dormi-

1236 1712 1297 1734 rent
1313 1705 1416 1733 deinde
1434 1705 1552 1733 traditus
1569 1709 1619 1732 est.

1197 1753 1304 1781 LXVI.
1341 1752 1399 1781 Ubi
1429 1752 1568 1780 adductus
1597 1757 1640 1780 est
1669 1751 1704 1779 ad
1739 1750 1890 1788 pontifices
1919 1754 1946 1778 et

1236 1800 1323 1828 falsos
1348 1804 1434 1828 testes
1461 1808 1562 1837 passus
1588 1804 1629 1827 est
1653 1803 1681 1827 et
1705 1798 1817 1827 locutus
1842 1801 1885 1825 est
1910 1796 1945 1825 de

1237 1847 1361 1875 aduentu
1378 1847 1510 1875 claritatis
1526 1855 1602 1874 suae.

1196 1893 1319 1922 LXVII.
1342 1893 1400 1921 Ubi
1421 1903 1487 1922 eum
1510 1898 1607 1930 petrus
1628 1892 1745 1930 negauit
1767 1891 1839 1920 sicut
1857 1891 1894 1919 ab
1911 1900 1946 1919 eo

1236 1941 1395 1978 predictum
1413 1941 1511 1969 fuerat.

1196 1987 1336 2015 LXVIII.
1359 1987 1418 2015 Ubi
1434 1997 1450 2015 a
1466 1987 1563 2024 pylato
1583 1987 1658 2015 cruci
1680 1986 1836 2014 destinatus
1856 1990 1900 2014 est
1920 1990 1947 2013 et

1237 2035 1340 2062 multas
1356 2035 1545 2062 contumelias
1561 2042 1749 2071 superpessus
1764 2038 1814 2061 est.

1197 2081 1305 2109 LXIX.
1328 2081 1385 2109 Ubi
1402 2081 1542 2109 adductus
1558 2086 1601 2108 est
1619 2080 1656 2108 ad
1671 2080 1766 2108 locum
1783 2080 1874 2108 crucis
1890 2079 1946 2107 alio

1237 2133 1368 2165 portante
1391 2137 1506 2156 crucem
1536 2127 1597 2156 eius
1622 2132 1649 2155 et
1680 2127 1784 2155 infixus
1813 2131 1855 2154 est
1881 2135 1947 2154 curn

1238 2176 1404 2204 latronibus.

1198 2223 1289 2251 LXX.
1313 2223 1369 2251 Ubi
1385 2222 1513 2260 sepultus
1529 2227 1571 2250 est
1586 2226 1614 2250 et
1630 2226 1773 2249 unxerunt
1789 2229 1856 2248 eum
1872 2220 1946 2248 duae

1239 2271 1353 2299 mariae.

1200 2318 1306 2346 LXXI.
1329 2317 1386 2345 Ubi
1403 2317 1555 2345 resurrexit
1573 2322 1600 2344 et
1621 2315 1791 2344 nunciatum
1807 2319 1849 2342 est
1864 2313 1948 2341 disci-

1240 2365 1312 2402 pulis
1329 2365 1397 2393 suis.

1201 2412 1324 2440 LXXII.
1340 2412 1396 2440 Ubi
1413 2411 1543 2448 apparuit
1560 2415 1625 2447 post
1638 2409 1874 2438 resurrectionem
1887 2407 1948 2435 eius

1240 2460 1378 2497 apostolis
1394 2459 1538 2487 omnibus.

1440 2512 1581 2543 Explieiunt
1594 2511 1709 2543 capitula.

432 2611 528 2634 XLIII.
546 2614 737 2638 pei-ungento:
755 2611 790 2633 ila
803 2610 879 2632 sodex.

430 2643 522 2667 XLVI.
542 2645 659 2666 sindone
671 2651 676 2666 τ
694 2643 798 2666 sindona
810 2650 855 2665 sor.

1232 2606 1327 2629 LXIII.
1346 2606 1457 2629 Literam
1471 2605 1599 2635 sopitalem
1613 2604 1634 2628 U
1646 2603 1730 2627 omisit
1741 2602 1827 2626 scriba.
