2258 3157
1095 456 1326 497 CAPITU
1335 457 1414 496 LA
1463 456 1530 496 IN
1583 456 2021 497 EUANGELIUM

443 572 562 603 Capilula
574 576 672 596 exstant
684 573 712 596 in
726 572 949 596 ABCDEPGHQJ
964 573 1085 603 (capitula
1096 577 1119 596 et
1131 573 1225 603 brunes)
1239 573 1393 603 KQTUVY.
1429 573 1529 596 Dcsum‘
1541 576 1623 595 (tutem
1637 573 1664 596 2‘12
1679 573 1944 601 EFLMATORWXZ,
1958 576 1981 596 ct
1994 573 2022 596 in

407 612 513 644 ‘5323ssOE
524 614 685 644 omnibusque
701 621 759 644 qnos
776 614 890 637 uidimus
901 614 953 637 cdd.
966 614 1088 645 antiquis.
1113 615 1202 638 lx’cslcr
1216 616 1277 645 1487
1290 615 1360 637 habet
1371 615 1526 645 ‘Regismcus
1540 614 1567 637 in
1580 614 1754 645 Ezcangtlinxn
1767 615 1878 637 Memmi
1892 614 2020 637 continens

406 655 506 685 uiginti
516 658 564 678 octa
576 654 703 685 capitula.'
717 663 779 686 qnae
792 655 909 678 moderna
923 655 1054 679 lll'tlcnllcl'.

440 696 534 719 Inscrr.
545 696 652 719 uariant
664 696 774 719 multum
787 696 855 719 inter
866 704 888 720 sc
898 705 903 720 :
917 696 1037 727 incipiunt
1050 697 1159 728 capitula
1172 696 1195 720 in
1207 697 1338 728 euangelio
1348 696 1451 720 matthei
1462 696 1494 726 K,
1504 696 1578 727 incip,
1588 696 1698 728 capitula
1707 696 1782 720 lecti&
1792 697 1831 720 εἶτ
1842 696 1978 720 mattheum
1990 696 2023 725 Y,

657 788 704 811 AU
708 788 763 811 VY.

409 835 546 858 Edidimus
558 842 588 858 ex
600 835 675 858 fodia-
688 836 711 858 A
725 836 772 865 (ed.
790 836 814 859 Τ
811 836 881 863 isch.)
896 844 951 858 tum
969 836 1013 859 col-

441 873 533 897 latione
549 873 613 897 codd.
629 874 682 896 rell.
702 874 734 897 iis
754 874 897 897 lectionibus
917 874 1014 898 omissis

440 919 502 943 quae
514 915 614 935 lantum
630 912 665 935 ad
678 913 880 943 orthographiam
897 916 1012 944 spectant,

439 951 470 982 cf.
487 951 512 974 T
508 951 657 977 lzamasium.
672 952 720 975 uel.
735 952 757 975 l.
771 955 798 982 p.
815 958 868 983 297.

408 1025 431 1054 I.
455 1024 686 1054 Generationum
716 1027 908 1064 quadraginta
941 1027 1012 1054 dua-

450 1082 515 1100 rum
537 1073 575 1101 ab
597 1073 736 1101 abraham
756 1083 849 1111 usque
871 1073 908 1102 ad
923 1073 1011 1102 chris-

450 1124 511 1147 tum
527 1119 600 1148 ordo
616 1125 756 1148 narratur.

408 1166 447 1195 II.
470 1166 614 1195 Natiuitas
641 1167 701 1195 iesu
730 1167 825 1196 christi
856 1168 892 1196 de
921 1168 1012 1196 maria

450 1222 561 1251 sponso
587 1214 648 1242 eius
674 1214 775 1252 ioseph
801 1215 906 1252 angelo
931 1224 1011 1244 reue-

448 1261 525 1289 lante
542 1261 726 1298 praedicitur.

408 1308 463 1337 111.
486 1307 598 1336 Natum
614 1308 752 1336 christum
768 1309 846 1346 magi
862 1309 942 1338 stella
958 1310 1012 1337 sibi

450 1355 524 1384 duce
546 1356 696 1383 nuntiante
719 1356 821 1384 oblatis
841 1357 1011 1385 muneribus

450 1402 656 1430 adorauerunt.

409 1448 481 1477 IIII.
504 1449 621 1486 Angelo
662 1455 872 1486 praemonente
911 1450 1013 1488 ioseph

449 1505 517 1524 cum
539 1496 650 1525 christo
672 1496 744 1533 fugit
762 1497 791 1524 in
815 1503 971 1535 aegyptum
987 1502 1015 1526 et

450 1542 574 1571 herodes
590 1543 697 1571 occidit
713 1543 846 1573 infantes.

409 1589 445 1618 V.
469 1589 515 1618 De
541 1590 760 1627 praedicatione
787 1591 920 1620 iohannis
943 1592 1015 1629 bap-

451 1637 532 1666 tistae
542 1638 622 1674 quod
639 1647 697 1666 uox
708 1638 860 1667 clamantis
870 1639 904 1667 sit
915 1640 1015 1677 paeni-

450 1685 570 1712 tentiam
586 1685 673 1721 agite.

409 1730 462 1759 VI.
485 1731 530 1759 De
552 1732 699 1768 baptismo
723 1731 818 1760 christi
842 1733 871 1760 in
894 1733 1016 1762 iordane

451 1788 469 1807 a
488 1778 616 1807 iohanne
632 1784 659 1807 et
675 1779 760 1815 signo
776 1780 909 1808 trinitatis
928 1781 1016 1817 patris

451 1825 560 1854 scilieet
584 1826 646 1854 eius
667 1826 695 1853 in
719 1835 793 1855 uoce
816 1831 844 1855 et
867 1827 1015 1865 utriusque

451 1872 566 1910 spiritus
582 1873 612 1900 in
629 1873 777 1902 columba.

410 1966 480 1995 VII.
502 1966 548 1995 De
568 1966 761 2004 quadraginta
777 1967 889 1996 dierum
910 1968 1017 1997 ieiunio

452 2018 480 2041 et
492 2013 609 2042 diabolo
619 2014 694 2042 trina
710 2015 879 2043 temtatione
892 2015 1016 2044 deuicto.

410 2060 496 2089 VIII.
536 2060 650 2089 Relicta
688 2062 824 2089 nazareth
868 2063 1017 2099 praedicat

451 2112 544 2136 terrae
569 2108 694 2137 zabulon
718 2113 746 2136 et
772 2109 910 2146 neptalim
939 2110 1018 2138 iuxta

452 2155 620 2183 uaticinium
671 2156 766 2184 esaiae
810 2157 1017 2193 paenitentiam

453 2210 540 2238 agere
555 2202 666 2230 iubens.

411 2247 511 2277 VIIII.
536 2248 632 2277 Uocat
660 2254 775 2286 petrum
803 2251 943 2279 andream
977 2251 1017 2279 ia-

453 2296 560 2323 cobum
596 2301 623 2324 et
659 2296 817 2325 iohannem
849 2298 1017 2335 piscatores,

452 2343 504 2379 qui
519 2352 587 2371 mox
604 2343 694 2371 secuti
710 2348 777 2372 sunt
792 2353 869 2373 eum.

1282 788 1310 811 C.

1069 833 1107 864 Cf
1124 834 1294 861 Thomasium,
1308 834 1356 857 ποί.
1370 834 1392 856 I.
1402 837 1429 864 p.
1443 840 1499 863 319.

1066 872 1203 895 Edidc'mus
1212 881 1243 896 cx
1258 873 1277 896 C
1277 873 1313 896 od.
1326 873 1388 896 Cau.
1398 872 1517 895 adhibilis

1098 911 1126 934 in
1134 911 1229 934 notulis
1236 911 1398 934 uam'antibus
1413 911 1437 933 T
1434 911 1516 934 homa-

1096 951 1132 973 sz'z'
1151 950 1309 977 lez-tionibus:
1335 958 1397 981 quare
1418 953 1517 972 saulum

1097 989 1132 1012 ad
1168 989 1369 1020 orthqgrraplu'am
1410 991 1519 1019 sprctam

1097 1036 1234 1052 omeszmus.

1065 1067 1178 1090 Litterae
1193 1067 1314 1098 717'g7‘1‘ores
1326 1067 1355 1090 in
1372 1067 1420 1090 cod.
1434 1066 1519 1089 rubri-

1097 1109 1164 1129 satan
1175 1110 1243 1129 sunt.

1064 1167 1092 1194 Ι.
1115 1167 1287 1193 Natiuitas
1304 1166 1435 1194 christi.

1106 1212 1134 1240 ii.
1158 1212 1239 1249 Magi
1262 1221 1329 1240 cum
1350 1212 1518 1240 muneribus

1148 1259 1276 1287 ueniunt.

1107 1307 1144 1334 iii.
1167 1307 1203 1334 Et
1226 1306 1329 1343 ioseph
1351 1306 1388 1334 ab
1411 1306 1517 1343 angelo

1188 1363 1240 1391 per
1263 1354 1360 1382 uisum
1384 1354 1518 1382 admoni-

1189 1406 1242 1429 tus.
1280 1410 1347 1429 cum
1375 1410 1466 1438 puero
1491 1406 1518 1429 et

1191 1453 1284 1476 matre
1306 1448 1367 1476 eius
1390 1449 1420 1476 in
1435 1449 1519 1486 egip-

1190 1500 1252 1522 tum
1267 1494 1350 1532 fugit.

1108 1541 1289 1570 iiii.Infantes
1300 1542 1518 1570 interficiuntur.

1068 1732 1114 1758 Π.
1135 1732 1300 1764 Regresso
1321 1732 1383 1759 ihu
1404 1739 1448 1759 ex
1466 1739 1518 1759 ae-

1150 1781 1254 1812 gypto
1269 1780 1440 1807 nazareth.

1109 1824 1136 1852 ii.
1160 1824 1205 1852 De
1221 1825 1394 1853 babtismate
1411 1825 1519 1854 Iohan-

1193 1872 1237 1899 nis
1253 1872 1281 1899 in
1298 1872 1454 1901 Ihordane.

1111 1918 1149 1946 iii.
1171 1918 1217 1946 De
1233 1920 1282 1955 xpi
1298 1920 1464 1956 baptimate.

1070 1967 1136 1994 ΙΙΙ.
1158 1966 1219 1994 Itis
1247 1969 1324 2000 post
1355 1968 1521 1995 ieiunium

1152 2015 1377 2048 quadraginta
1388 2015 1521 2042 dierum

1154 2063 1188 2089 et
1203 2062 1428 2095 quadraginta
1443 2070 1521 2089 noo-

1151 2109 1244 2135 tibus
1254 2110 1405 2136 tentatur
1417 2117 1437 2137 a
1448 2109 1520 2136 dja-

1153 2156 1245 2184 bulo.

1113 2249 1139 2277 ii.
1162 2248 1279 2276 Petrum
1301 2253 1329 2276 et
1355 2248 1520 2277 Ihoannem

1183 2296 1341 2333 piscatores
1353 2302 1521 2334 congregat.

1620 788 1740 811 BHG-HT
1751 796 1808 811 aur.
1820 789 1897 812 Harl.
1913 794 1983 820 2797.

1574 833 1612 863 Cf.
1630 833 1745 857 Thomas.
1758 834 1780 857 I.
1792 841 1816 864 p.
1829 840 1885 864 3²4·

1571 872 1709 895 Edz'a’z'mur
1735 880 1765 895 cx
1791 873 1877 896 Tlmm.
1900 873 2022 896 adhibitis

1604 911 1775 934 sollatc'om'lms
1787 912 1905 935 codicum.

1571 950 1732 981 Impresserat
1759 951 1845 974 Tlmm.
1867 951 1974 974 exc-odd.
1993 951 2019 974 S.

1604 989 1693 1018 Pauli,
1714 989 1784 1012 Orat.
1806 990 1840 1013 E.
1862 989 1889 1013 16
1911 994 1933 1013 el
1955 990 2020 1013 codd.

1605 1028 1716 1059 Reginae
1728 1029 1838 1052 Samiae.

1573 1162 1594 1190 I.
1618 1162 1760 1190 Natiuitas
1776 1162 1881 1190 christi.

1655 1209 1812 1246 Magorum
1828 1219 1956 1238 munera.

1654 1255 1818 1284 Occultatio
1833 1256 1902 1284 iesu.

1654 1302 1783 1331 Infantes
1795 1303 2010 1332 interficiuntur.

1573 1732 1611 1761 ΙΙ.
1619 1732 1781 1770 Regressus
1791 1733 1840 1762 Ihs
1851 1743 1886 1762 ex
1897 1738 2022 1771 aegypto

1613 1780 1642 1808 in
1665 1780 1801 1809 nazareth
1816 1790 1833 1809 a
1849 1781 1975 1809 iohanne
1991 1782 2021 1809 in

1614 1827 1734 1856 iordane
1749 1828 1910 1865 baptizatus
1925 1833 1975 1857 est.

1574 1969 1628 1996 III.
1651 1968 1701 1996 Ihs
1729 1973 1886 2006 temptatus
1915 1979 1932 1997 a
1958 1970 2019 1997 dia-

1614 2015 1683 2044 bolo
1698 2016 1775 2044 uicit.

1574 2250 1693 2279 Petrum
1718 2256 1746 2279 et
1771 2250 1920 2286 andream,
1943 2251 2020 2280 iaco-

1614 2299 1684 2326 bum
1699 2303 1727 2326 et
1747 2298 1905 2326 iohannem
1927 2298 2021 2335 pisca-

1615 2350 1691 2373 tores
1727 2349 1870 2373 conuocat
1906 2350 1933 2373 et
1968 2345 2021 2373 cir-

1614 2393 1745 2420 cumiens
1760 2392 1856 2420 uarios
1867 2392 2022 2429 languores

1613 2439 1765 2468 hominum
1781 2444 1868 2467 curat.

445 2510 466 2533 1.
484 2511 629 2533 Abraham
641 2518 646 2533 ε
665 2511 748 2534 Adam
760 2511 792 2534 A.

446 2542 517 2566 VIII.
537 2546 686 2567 0711.terrae
703 2544 788 2567 Thom.

1072 2548 1158 2568 matre.

1105 2577 1139 2601 11.
1170 2577 1300 2607 Regressio
1311 2596 1315 2600 .
1328 2596 1332 2600 .
1344 2596 1348 2600 .
1360 2578 1384 2600 in
1397 2577 1519 2601 nazareth.

1073 2609 1106 2633 iii.
1126 2610 1164 2638 xpi
1178 2609 1310 2640 baptismo.

1106 2642 1154 2665 ΙΙΙ.
1171 2643 1289 2666 noctium.
1335 2643 1359 2666 ii.
1387 2643 1485 2666 Petrum
1498 2647 1521 2666 et

1074 2675 1199 2698 Andream
1208 2675 1327 2698 Iacobum
1341 2679 1363 2699 et
1374 2676 1518 2699 Iohannem.

1074 2711 1239 2735 congregat:
1260 2712 1340 2731 uocat.

1605 2513 1640 2537 ΙΙ.
1659 2514 1796 2544 baptizatur
1808 2513 1835 2536 B.
