2209 3147
367 332 470 363 DEPGQ
482 341 538 356 aur.
551 341 569 356 c.

261 380 373 407 Fratres
399 379 459 407 eius
490 379 563 406 uade
593 378 659 406 hinc
688 378 716 405 in

260 426 383 453 iudeam.

219 473 284 501 XV.
307 473 343 500 Et
358 472 438 499 Dixit
459 472 502 500 ihs
523 471 617 500 Nolite
640 471 716 498 Iudi-

260 529 325 547 care
341 523 459 556 propter
479 518 582 546 faciem
600 517 717 554 queritis

259 575 305 593 me
321 571 348 593 et
364 566 413 593 ubi
429 574 484 601 ego
505 574 568 593 sum
584 574 644 592 non
664 573 716 601 po-

258 613 337 641 testis
353 613 458 640 uenire.

218 659 298 687 XVI.
321 658 379 693 Qui
401 659 457 687 sitit
481 658 587 686 Ueniat
612 657 648 686 ad
670 666 716 685 me

257 710 285 734 et
300 706 386 733 bibat.

217 893 315 921 XVII.
339 893 375 920 Et
391 893 499 921 ducunt
515 893 551 920 ad
571 901 638 920 eum
653 901 715 920 mu—

257 940 355 967 lierem
384 939 413 967 in
442 939 580 967 adulterio
615 939 715 976 depre-

257 986 388 1014 hensam.

216 1313 329 1341 XVIII.
345 1312 382 1341 Et
392 1312 473 1340 Dixit
485 1313 528 1341 ihs
535 1313 631 1341 Iudeis
639 1313 715 1341 Cum

256 1359 447 1387 exaltaueritis
474 1359 563 1387 filium
589 1360 714 1388 hominis

256 1412 324 1435 tunc
351 1407 536 1444 cognoscetis
563 1408 630 1444 quia
659 1416 715 1444 ego

256 1463 318 1482 sum
332 1458 359 1482 et
371 1459 436 1482 ante
449 1454 567 1482 abraam
577 1463 633 1491 ego
642 1463 714 1482 sum.

748 248 1009 278 SECUNDUM
1030 249 1139 277 IOHA
1146 249 1295 278 NNEM.

933 333 951 356 J
962 333 1104 363 (capitula).

811 378 915 406 festum
931 384 958 406 et
974 379 1034 415 ipse
1050 378 1119 406 abiit
1134 378 1255 407 occulte.

770 517 866 545 XVII.
890 518 934 546 De
958 518 1103 546 mediante
1127 518 1172 546 die
1194 517 1268 546 festo

810 564 993 593 Iudaeorum.

769 658 882 686 XVIII.
905 658 963 686 Ubi
975 659 1117 687 clamabat
1127 658 1208 687 Iesus
1218 659 1267 696 qui

810 705 865 733 sitit
880 705 975 733 ueniat
990 710 1017 733 et
1033 705 1119 733 bibat.

768 1119 896 1148 XVIIII.
919 1119 977 1147 Ubi
1005 1121 1073 1148 dicit
1100 1121 1135 1148 de
1159 1121 1265 1157 superi<

808 1167 906 1195 oribus
923 1176 996 1197 sum.

768 1695 832 1723 XX.
857 1694 901 1722 De
916 1703 951 1723 eo
966 1694 1015 1732 qui
1030 1694 1095 1722 facit
1115 1700 1265 1731 peccatum

808 1750 907 1769 seruus
922 1746 965 1769 est
980 1741 1099 1778 peccati.
1142 1740 1180 1768 Et
1200 1740 1266 1768 dicit

808 1788 932 1816 Iudaeos
966 1787 1001 1815 de
1035 1792 1115 1824 patre
1149 1787 1265 1816 diabolo

808 1845 878 1864 csse.
911 1835 949 1863 Et
965 1835 1065 1863 dicunt
1079 1834 1264 1863 daemonium

807 1882 900 1911 habet.

1755 260 1817 290 499

1383 334 1407 356 K
1416 334 1493 356 Isarl.
1508 339 1571 364 2790
1581 334 1662 356 Nam.
1671 334 1759 358 Bamh.

1320 471 1421 499 XIIII.
1444 471 1503 499 Ubi
1524 471 1623 499 fratres
1650 472 1699 500 dfii
1721 472 1819 500 dicunt

1361 519 1385 545 ei
1396 518 1469 546 uade
1479 519 1507 545 in
1519 518 1651 546 iudaeam
1662 523 1691 546 ut
1700 519 1819 547 uidean-

1360 570 1403 592 tur
1418 573 1505 600 opera
1520 569 1575 592 tua.

1320 655 1384 683 XV.
1408 655 1466 683 Ubi
1482 656 1511 682 in
1527 655 1571 683 die
1592 665 1700 692 niagno
1715 656 1820 684 festini-

1361 702 1423 729 tatis
1459 702 1604 730 clamabat
1637 702 1735 730 dicens
1771 702 1820 739 qui

1361 748 1417 775 sitit
1432 749 1527 776 ueniat
1543 754 1570 776 et
1585 749 1673 777 bibat.

1320 889 1402 917 XVI.
1425 889 1469 917 De
1491 889 1609 917 muliere
1631 890 1659 916 in
1679 889 1820 918 adulterio

1362 936 1546 972 deprehensa.

1320 982 1418 1010 XVII.
1441 982 1498 1010 Ubi
1520 982 1573 1010 (ἰῆς
1593 982 1659 1010 dicit
1680 991 1735 1019 ego
1756 991 1819 1010 sum

1362 1030 1409 1057 lux
1430 1029 1531 1058 mundi
1552 1038 1607 1066 ego
1629 1038 1694 1057 sum
1714 1029 1819 1067 princi-

1362 1077 1449 1112 pium.

249 2173 305 2196 XV.
322 2176 448 2200 propter:
460 2172 593 2196 secundum
601 2172 650 2203 GQ
657 2181 713 2196 aur.

215 2214 234 2229 c.
269 2214 314 2228 om.
328 2213 379 2233 ego
392 2206 452 2236 ffQ.
487 2207 664 2228 uenire÷uos
676 2214 694 2228 c.

247 2238 317 2262 XVI.
336 2246 381 2261 om.
401 2240 514 2261 ueniat.
534 2257 538 2261 .
557 2256 561 2260 .
578 2239 657 2261 bibat
676 2238 714 2268 Q;

214 2279 260 2294 om.
274 2272 308 2294 ad
321 2278 364 2294 me
378 2271 429 2294 rell.
465 2272 544 2293 bibat
553 2278 568 2293 ψ
578 2271 639 2293 sicut
657 2274 713 2299 (om.

215 2303 249 2334 Q)
264 2303 381 2333 scriptum
394 2307 429 2326 est
442 2304 494 2326 rell.

248 2336 331 2359 XVII.
350 2344 395 2359 om.
409 2339 436 2359 ess
450 2336 484 2359 ad
498 2335 554 2358 z'm't.
569 2335 629 2365 EPQ.
665 2335 712 2359 inc.

214 2369 245 2392 de
258 2369 357 2392 muliere
370 2369 393 2391 in
406 2368 528 2391 adulterio
539 2368 714 2398 deprehensam

216 2401 246 2425 G.
282 2401 405 2424 adducunt
428 2401 481 2431 {PQ
504 2408 561 2423 αιιν.
580 2409 597 2423 c.
635 2408 714 2423 eum:

215 2434 292 2457 iesum
304 2442 322 2457 c.
358 2435 518 2456 mulierem:
540 2436 652 2463 pergunt
674 2433 714 2456 de-

216 2466 377 2497 praehensam
388 2466 413 2488 in
422 2466 617 2489 moechationem
625 2468 650 2488 ut
660 2474 714 2489 eam

215 2499 336 2522 iudicaret
351 2499 487 2529 (adiuuaret
500 2503 521 2521 ci
535 2506 591 2521 αιιν.
604 2506 622 2521 c.

248 2531 346 2554 XVIII.
364 2539 409 2555 om.
428 2533 503 2554 iesus
519 2531 548 2554 G.
584 2539 629 2554 om.
648 2534 715 2554 tune

217 2564 240 2594 Q
258 2572 313 2587 aur.
333 2572 350 2586 c.
387 2566 466 2592 quia:
495 2564 611 2594 quoniam
629 2572 647 2587 c.
688 2567 715 2587 et

216 2604 270 2620 sea:
289 2604 345 2620 nam
362 2604 417 2619 aur.
452 2605 497 2620 om.
510 2600 537 2620 et
555 2604 576 2620 a.
589 2598 647 2620 abr.
665 2604 715 2624 ego

216 2636 278 2652 sum
292 2637 309 2652 c.

1346 2152 1438 2194 ‘XHH-
1457 2170 1556 2193 iudeam
1568 2170 1650 2193 Nam.

1350 2204 1419 2226 XVI.
1438 2203 1629 2234 depraehensam
1641 2202 1717 2225 Harl.
1728 2202 1809 2226 Nam.
