2209 3147
417 266 434 294 6
438 267 478 305 56
1051 263 1160 291 EPJL
1168 264 1224 291 oa
1232 263 1292 291 (ss.

462 359 630 399 Imprimis
654 370 709 388 eos
736 358 825 388 locos
850 357 1058 397 potissimum
1084 356 1230 396 respexit
1256 356 1311 386 ubi
1337 355 1446 386 Latini
1471 355 1666 395 interpretes
1691 355 1924 389 discordarent,

418 417 452 442 ut
476 411 605 442 scribit:
638 410 732 440 ‘Hoc
757 409 789 450 (i.
803 420 829 439 e.
856 419 980 440 nouum
1005 407 1257 448 testamentum)
1281 417 1356 437 curn
1382 408 1413 437 in
1440 412 1550 438 nostro
1577 418 1726 438 sermone
1751 408 1926 442 discordat,

419 469 450 494 et
475 464 621 494 diuersos
646 462 824 492 riuulorum
850 461 997 491 tramites
1022 460 1120 497 ducit,
1145 469 1211 490 uno
1236 460 1277 489 de
1302 459 1392 489 sonte
1416 460 1640 499 quaerendum
1665 458 1733 489 est?

463 515 616 545 Secundo
638 514 718 549 loco,
736 524 809 544 cum
832 523 1001 543 censuram
1028 512 1152 542 euitare
1172 511 1280 548 uellet,
1297 512 1417 541 menda
1440 511 1572 542 minoris
1598 511 1757 541 momenti
1782 516 1925 550 praeter-

418 567 486 597 iuit.
547 566 669 597 Scribit
701 566 806 597 enim:
846 564 958 604 ‘Quae
989 563 1059 604 (Le.
1092 561 1274 604 euangelia)
1306 573 1346 592 ne
1379 563 1519 593 multum
1556 573 1575 593 a
1607 562 1755 594 lectionis
1789 563 1926 593 Latinae

419 619 656 650 consuetudine
694 618 927 658 discreparent,
961 617 1006 646 ita
1041 615 1170 646 calamo
1210 615 1468 655 temper-animus
1503 620 1551 653 ut,
1585 615 1635 645 his
1674 620 1803 646 tantum
1842 624 1927 654 quae

419 681 550 701 sensum
582 670 779 701 uidebantur
811 674 937 699 mutare
969 668 1131 704 correctis,
1164 667 1289 707 reliqua
1320 677 1452 697 manere
1484 672 1674 706 pateremur
1709 672 1744 697 ut
1779 665 1925 697 fuerant.'

420 723 576 754 Mutabat
615 723 713 754 etiam
753 732 837 762 quae
875 721 1001 751 scribae
1036 718 1173 759 singulis
1208 719 1387 760 euangeliis
1421 730 1463 749 ex
1504 719 1575 749 aliis
1610 719 1816 756 addiderant,
1852 728 1927 748 cum

420 775 596 806 narrationi
628 774 750 814 aliquid
786 774 899 803 deesse
935 776 1106 811 putarent:
1146 776 1178 801 et
1212 771 1287 801 huic
1323 771 1410 801 malo
1441 771 1540 801 etiam
1573 770 1736 801 medelam
1767 769 1928 801 afferebat

420 827 515 867 pictis
544 827 575 857 in
602 826 749 866 margine
777 825 919 855 numeris
948 824 1003 864 qui
1031 824 1073 853 ad
1102 833 1243 854 canones
1273 823 1407 853 Eusebii
1435 827 1467 853 et
1495 823 1537 853 ad
1566 823 1726 854 sectiones
1754 822 1927 853 Ammonii

420 879 576 910 lectorem
603 882 803 909 reuocarent.

464 931 587 968 Tertio,
608 941 682 961 cum
706 929 849 960 Graecos
875 929 1004 959 codices
1027 928 1200 958 adhiberet
1224 928 1282 957 uix
1307 927 1437 958 uidetur
1461 937 1562 957 unum
1587 937 1664 967 prae
1689 927 1805 957 ceteris
1829 927 1928 957 aesti-

421 984 571 1019 mauisse,
599 983 656 1013 sed
686 981 868 1022 generatim
900 980 1093 1020 plerumque
1124 979 1235 1010 scribit
1268 979 1318 1009 uel
1350 980 1392 1009 de
1420 978 1565 1009 ‘Graeca
1597 977 1752 1015 ueritate,’
1781 978 1928 1009 ‘Graeco

420 1033 588 1071 sermone‚'
617 1034 762 1064 ‘Graeca
794 1030 937 1073 origine‚'
966 1037 1036 1069 etc.‚
1068 1031 1120 1062 uel
1153 1032 1195 1062 de
1226 1031 1412 1062 ‘codicibus
1445 1029 1597 1067 Graecis,’
1627 1031 1794 1061 ‘codicum
1827 1030 1928 1061 Grae-

420 1098 533 1119 corum
554 1110 560 1117 .
578 1111 584 1117 .
603 1111 608 1116 .
630 1085 818 1116 conlatione
844 1085 901 1115 sed
930 1083 1098 1121 ueterum‚'
1128 1083 1179 1114 uel
1208 1083 1401 1124 simpliciter
1429 1084 1470 1113 de
1498 1083 1684 1113 ‘codicibus
1711 1081 1928 1122 quibusdam,¹

420 1140 605 1170 ‘codicibus
640 1137 742 1174 ueris,’
778 1137 938 1176 ‘antiquis
977 1134 1240 1176 exemplaribus‚'
1281 1141 1343 1166 etc.
1407 1135 1503 1175 Quae
1543 1135 1654 1166 omnia
1693 1144 1809 1175 parurn
1849 1134 1930 1165 lucis

421 1192 559 1222 afferunt
583 1191 625 1221 ad
651 1189 796 1220 indolem
820 1189 938 1220 horum
963 1189 1114 1219 codicum
1140 1188 1414 1228 perspiciendam.

468 1244 649 1274 Uideamus
678 1252 755 1281 ergo
779 1241 858 1281 quid
884 1251 926 1270 ex
950 1240 1030 1270 locis
1058 1240 1090 1270 in
1114 1240 1357 1270 commentariis
1385 1239 1502 1270 adlatis
1529 1244 1562 1270 et
1590 1238 1797 1274 examinatis,
1824 1243 1856 1269 et
1885 1248 1929 1268 ex

421 1296 615 1326 lectionibus
643 1294 720 1334 ipsis
748 1303 830 1333 quas
856 1293 958 1323 editio
988 1292 1248 1332 Hieronymiana
1276 1291 1422 1327 exhibet,
1448 1296 1517 1322 arte
1541 1291 1652 1322 critica
1675 1290 1783 1330 colligi
1813 1290 1928 1330 possit.

422 1348 521 1388 Quod
560 1357 619 1387 pro
656 1345 739 1376 uirili
783 1345 814 1375 in
853 1345 998 1375 secunda
1037 1344 1132 1374 huius
1170 1348 1329 1374 tractatus
1368 1348 1457 1381 parte
1498 1342 1663 1373 faciemus.
1733 1342 1799 1373 Sed
1840 1342 1930 1382 prius

421 1399 664 1430 obseruandum
693 1403 741 1428 est
770 1407 828 1427 nos
860 1397 892 1426 in
922 1396 1036 1426 codice
1064 1396 1224 1426 Brixiano
1252 1395 1308 1436 (f)
1339 1394 1573 1425 adminiculum
1602 1395 1822 1426 firmissimum
1854 1394 1929 1424 huic

422 1451 614 1482 difficillimo
653 1449 744 1490 operi
783 1449 960 1490 possidere.
1030 1447 1171 1478 Constat
1209 1448 1296 1478 enim
1337 1458 1380 1478 ex
1419 1447 1594 1478 collatione
1633 1451 1791 1487 perpetua
1830 1456 1929 1486 quarn

423 1503 605 1534 necessario
640 1502 786 1537 fecimus,
822 1506 855 1532 et
889 1511 989 1540 quam
1025 1500 1182 1531 candidus
1221 1500 1326 1530 lector
1360 1510 1419 1539 pro
1459 1510 1493 1529 se
1529 1498 1634 1529 facere
1673 1509 1737 1529 non
1776 1498 1932 1539 negliget,

422 1556 506 1587 hanc
531 1560 644 1586 textus
669 1553 780 1584 Latini
803 1552 941 1583 formam
968 1552 1019 1583 uel
1043 1552 1142 1582 aliam
1168 1551 1369 1582 simillimam
1398 1551 1606 1590 Hieronymo
1630 1561 1690 1590 pro
1715 1551 1930 1581 fundamento

423 1607 620 1638 recensionis
665 1616 745 1636 suae
786 1604 893 1635 fuisse.
963 1604 1073 1644 Quam
1118 1604 1258 1634 formam
1303 1603 1404 1633 critici
1449 1603 1596 1633 hodierni
1635 1602 1758 1633 Italam
1801 1607 1932 1638 uocant,

424 1660 458 1691 S.
481 1658 662 1699 Augustini
691 1657 899 1688 notissimum
928 1667 1048 1687 nomen
1076 1656 1152 1686 huic
1176 1656 1326 1686 codicum
1353 1655 1545 1685 Latinorum
1569 1655 1679 1695 generi
1706 1654 1932 1685 tribuentes—

425 1722 483 1742 nec
509 1716 544 1741 ut
568 1710 731 1741 credimus
755 1719 935 1749 perperam,
957 1719 1031 1739 cum
1058 1708 1161 1738 Italus
1187 1718 1251 1738 non
1276 1708 1363 1737 idem
1388 1717 1461 1738 cum
1488 1707 1642 1737 Romano
1664 1711 1767 1744 sonet,
1787 1707 1843 1737 sed
1866 1706 1931 1736 fere

424 1764 630 1795 contrarium.
702 1761 797 1792 Italia
836 1761 924 1791 enim
967 1760 1234 1801 septentrionalis
1276 1770 1350 1790 cum
1391 1759 1568 1799 prouinciis
1607 1758 1831 1789 adiacentibus
1870 1758 1931 1788 sub

425 1815 545 1846 uicario
586 1814 701 1844 Italiae
742 1812 940 1843 Diocletiani
981 1812 1135 1853 principis
1174 1812 1379 1852 temporibus
1419 1811 1598 1841 constituta
1636 1816 1694 1848 est,
1733 1815 1766 1841 et
1808 1810 1932 1850 reliqua

424 1878 499 1907 pars
533 1867 595 1897 sub
629 1865 750 1896 uicario
788 1864 898 1895 Urbis·
962 1864 1056 1894 Italia
1092 1864 1190 1895 etiam
1229 1863 1291 1894 hoc
1330 1873 1425 1893 sensu
1465 1873 1524 1902 pro
1561 1863 1668 1903 capite
1705 1862 1931 1892 Mediolanum

425 1919 579 1956 habebat,
619 1917 664 1948 ita
703 1922 739 1947 ut
777 1917 907 1947 codices
943 1926 985 1946 ex
1024 1916 1086 1947 hac
1124 1916 1253 1955 regione
1292 1915 1523 1956 prouenientes
1560 1914 1662 1945 Italos
1700 1924 1777 1954 prae
1815 1914 1932 1944 ceteris

424 1981 541 2002 uocare
565 1974 820 2001 consentaneum
844 1967 917 1998 sit¹.

457 2069 463 2082 ¹
483 2069 546 2093 Uide
558 2067 668 2092 Ioachim
684 2066 838 2098 Marquardt,
850 2066 979 2089 Rev'misclzc
991 2066 1129 2089 Slaalsver-

424 2110 540 2139 wallung
554 2108 569 2132 i.
587 2116 628 2139 pp.
648 2107 675 2129 81
692 2114 758 2137 seqq.
773 2107 875 2137 (1873);
895 2110 918 2128 et
937 2105 971 2129 ita
989 2106 1012 2129 S.
1032 2106 1130 2136 Berger,

424 2148 537 2172 Histoire
560 2147 588 2169 dc
611 2146 635 2169 la
662 2146 765 2176 Vulgate
788 2149 841 2174 etc„
867 2153 891 2175 p.
914 2144 928 2167 6
951 2146 1046 2175 (1895‘.
1083 2145 1131 2168 Sed

1223 2070 1307 2090 nostro
1320 2066 1414 2090 iudicio
1426 2065 1505 2089 Italus
1522 2074 1567 2097 pro
1581 2064 1695 2088 Romano
1708 2064 1752 2088 tali
1769 2065 1793 2088 in
1808 2064 1931 2087 locutione

1226 2105 1373 2137 simpliciter
1384 2106 1433 2128 dici
1447 2106 1488 2129 uix
1501 2109 1591 2136 potest,
1605 2109 1628 2128 et
1641 2104 1746 2136 epistula
1757 2103 1889 2135 Augustini
1902 2108 1927 2133 71

1225 2145 1299 2174 (inter
1310 2145 1518 2175 Hicronymianas
1531 2144 1587 2174 104)
1602 2143 1693 2174 scripta
1706 2143 1736 2166 ad
1751 2143 1932 2172 Hieronymum

424 2186 587 2210 recentissime
611 2185 648 2208 uir
674 2184 832 2208 doctissimus
855 2183 883 2207 F.
904 2184 934 2208 C.
952 2184 1056 2210 Burkim
1082 2184 1132 2207 Th.-

427 2226 476 2249 Old
491 2225 569 2248 Latin
588 2224 641 2247 and
655 2224 694 2246 tlte
709 2224 775 2246 Itala
791 2231 814 2254 p.
832 2230 861 2253 54
880 2223 1038 2253 (Cambridge
1059 2223 1132 2246 Τρωνίς

424 2265 478 2288 and
493 2264 601 2292 Studies,
616 2262 698 2294 1896),
714 2263 880 2286 coniecturam
898 2262 1022 2293 proponit,
1042 2262 1131 2285 Italam

425 2304 519 2327 scilicet
547 2303 635 2333 (Afrae
666 2301 772 2325 uersioni
801 2302 876 2324 tacite
905 2301 1057 2332 oppositam)
1087 2308 1132 2332 pro

427 2344 547 2369 Romana,
560 2341 584 2365 id
597 2345 632 2364 est
647 2341 843 2371 Hieronymiana
857 2340 935 2371 accipi
945 2340 1039 2363 debere.
1067 2340 1131 2363 Cum

426 2382 490 2405 enim
515 2382 668 2404 obseruasset
693 2380 859 2410 Augustinurn
883 2379 931 2402 sere
957 2383 1013 2410 post
1041 2386 1132 2401 annum

426 2429 476 2451 400
497 2428 521 2444 Λ.
534 2427 561 2443 D.
583 2419 712 2449 euangelia
734 2426 763 2442 ex
786 2418 870 2442 codice
892 2418 1087 2448 Hierony-miano
1108 2418 1132 2440 in

427 2460 490 2483 libro
506 2460 533 2482 de
550 2466 666 2482 conscttsu
684 2458 909 2488 Euangelislarum
927 2462 950 2480 et
967 2457 1028 2480 alibi
1046 2458 1132 2480 citasse

428 2499 505 2529 [quod
526 2506 570 2521 nos
588 2504 686 2528 quoque
706 2496 878 2519 adnotauimus
895 2496 919 2519 in
940 2496 1133 2519 Cammmtarz'is

427 2538 461 2560 ad
477 2536 634 2562 Iohannem&
653 2539 677 2559 et
698 2535 796 2566 publice
817 2536 840 2558 in
859 2535 1027 2565 disputatione
1046 2539 1132 2558 contra

428 2577 536 2600 Felice-m
552 2575 733 2604 Maxxichaeum,
749 2574 851 2597 coniecit
866 2575 970 2598 eundem
984 2575 1063 2597 uirum
1076 2582 1131 2598 cum

429 2616 456 2639 a'e
468 2615 579 2638 dostrina
595 2614 742 2637 Clzrisliana
770 2614 802 2637 II.
815 2614 856 2641 22)
870 2621 934 2637 anno
948 2618 992 2644 397
1007 2613 1131 2641 scriberet,

431 2652 577 2684 Hieronymi
590 2653 726 2676 uersionem
739 2652 836 2676 disertis
849 2653 929 2677 uerbis
942 2653 1050 2676 laudare.
1084 2652 1131 2675 Sed

1223 2191 1287 2206 anno
1301 2190 1357 2213 403.
1368 2183 1460 2214 gratias
1473 2183 1528 2206 Deo
1541 2183 1591 2213 agit
1602 2182 1632 2205 de
1646 2182 1774 2213 Euangelii
1788 2182 1931 2212 interpreta—

1222 2223 1289 2245 tione
1302 2223 1371 2253 quasi
1385 2223 1415 2245 de
1429 2230 1501 2253 opere
1514 2225 1622 2245 recenter
1635 2222 1743 2252 cognito.
1781 2221 1853 2244 Nihil
1868 2225 1932 2244 certe

1223 2262 1253 2284 de
1265 2270 1293 2285 ea
1306 2262 1389 2284 scribit
1403 2262 1426 2285 in
1440 2262 1563 2292 prioribus
1575 2261 1606 2284 ad
1623 2261 1804 2291 Hieronymum
1818 2260 1931 2291 epistulis

1223 2308 1257 2324 se.
1276 2301 1306 2330 56
1325 2308 1370 2324 scr.
1389 2308 1454 2324 anno
1478 2307 1531 2330 394,
1552 2300 1581 2330 67
1601 2307 1665 2322 anno
1685 2306 1740 2329 397.
1759 2302 1782 2322 et
1803 2305 1845 2321 101
1867 2306 1931 2321 anno

1223 2346 1282 2369 402,
1301 2339 1367 2370 quod
1389 2340 1527 2362 mirandum
1549 2342 1611 2363 esset
1632 2339 1652 2362 si
1673 2339 1696 2361 in
1719 2346 1793 2369 opere
1813 2341 1869 2361 ante
1890 2346 1931 2361 sex

1223 2386 1300 2401 annos
1313 2379 1406 2409 publici
1420 2378 1479 2401 imis
1492 2379 1557 2402 sacto
1572 2386 1626 2401 eam
1646 2377 1820 2401 collaudasset.
1859 2377 1932 2400 Hanc

1223 2418 1388 2440 coniecturam
1412 2426 1461 2440 non
1482 2425 1579 2449 prorsus
1599 2424 1691 2440 nouam
1712 2424 1763 2440 esse
1783 2420 1865 2439 monet
1883 2423 1930 2439 von

1225 2456 1378 2483 Dobsch‘mz,
1400 2465 1454 2479 cum
1476 2460 1594 2487 appareat
1616 2456 1639 2479 in
1657 2455 1827 2479 dissertatione
1845 2455 1885 2478 Dc
1903 2454 1934 2477 ui

1223 2503 1298 2526 quam
1308 2495 1500 2526 antiquissimae
1510 2496 1640 2523 ncrsioncs,
1650 2502 1712 2525 quac
1721 2497 1816 2522 extant,
1828 2494 1930 2521 lalt'nac,

1224 2534 1251 2557 in
1262 2534 1339 2557 crisin
1353 2535 1539 2563 euangelioruzn
1554 2540 1581 2557 lv
1593 2534 1699 2556 habeant
1711 2541 1725 2556 a
1736 2533 1762 2556 C.
1773 2533 1803 2556 A.
1814 2531 1930 2563 Breyther

1224 2573 1298 2602 edita,
1315 2573 1466 2603 Merseburg.
1481 2574 1549 2603 1824.
1580 2573 1636 2603 Ipse
1649 2572 1792 2603 opinionem
1805 2579 1819 2593 a
1834 2571 1930 2594 Burkitt

1224 2611 1345 2643 prolatam
1358 2611 1514 2643 amplectitur
1527 2611 1608 2635 Theol.
1618 2610 1852 2641 Lz'tcralurzcz'lung
1861 2610 1929 2640 1897,

1225 2651 1280 2674 xxii.
1297 2659 1320 2681 p.
1335 2657 1386 2681 135.
