2209 3147
664 242 892 275 CAPITULA
920 241 1028 271 ALIA
1056 241 1114 270 IN
1133 239 1413 268 MATTHEUM.
1753 236 1815 273 679

453 341 514 364 Par.
527 339 584 362 Lat.
600 338 687 368 10438.

273 391 325 419 XI.
343 390 388 418 De
403 388 584 416 inimicorum
599 385 751 414 dilectione
765 388 792 411 et
803 382 866 411 fun-

312 436 406 466 denda
420 444 474 472 pro
489 434 529 463 eis
544 433 681 462 oratione.

273 484 341 512 XII.
356 483 399 511 De
411 480 567 510 elemosina
577 479 693 507 dextera
704 477 867 514 porrigente

314 530 425 558 sinistra
449 527 592 556 nesciente
618 530 645 553 et
674 524 709 552 de
738 523 867 552 oratione

314 586 374 605 non
390 575 478 604 multa
492 573 664 611 loquacitate
680 570 818 599 facienda.

274 624 358 652 XIII.
380 623 425 651 De
440 631 475 650 eo
491 620 570 658 quod
585 618 704 656 precipit
719 618 747 645 in
763 615 868 645 ieiunio

316 679 376 698 non
400 667 629 698 contristandum
653 670 680 693 et
703 664 870 692 thesaurum

314 718 342 745 in
357 716 469 745 caelum
484 713 650 743 locandum.

275 765 319 792 De
347 773 382 792 eo
418 761 496 799 quod
532 760 650 788 lucerna
678 757 805 795 corporis
838 757 871 784 sit

314 810 422 839 oculus.

275 857 376 886 XIIII.
399 856 444 885 De
462 864 498 884 eo
513 854 592 892 quod
614 852 728 881 duobus
748 849 874 879 dominis

317 914 378 933 non
393 903 484 941 possit
498 901 604 930 seruire
619 905 647 928 et
662 899 697 928 de
712 897 874 926 uolatilibus

320 951 390 980 caeli
405 949 572 986 exemplum
588 946 798 983 accipiendum.

277 998 322 1026 De
354 996 546 1026 sollicitudine
575 993 693 1023 uitanda
722 993 812 1021 uictus
847 995 875 1019 et

318 1043 490 1073 uestimenti.

279 1092 344 1121 XV.
368 1091 413 1120 De
438 1090 547 1119 festuca
574 1092 603 1117 et
630 1088 711 1115 trabe
739 1091 767 1114 et
796 1084 874 1123 quod

321 1143 454 1167 sanctum
474 1146 534 1165 non
554 1136 589 1164 sit
604 1135 723 1163 canibus
738 1133 876 1161 dandum.

280 1187 324 1215 De
340 1195 375 1214 eo
390 1185 470 1223 quod
486 1184 539 1212 dfis
554 1183 588 1211 sit
598 1181 716 1210 fideliter
727 1179 876 1218 petendus.

278 1280 360 1309 XVI.
383 1279 428 1308 De
451 1288 487 1307 eo
512 1277 591 1315 quod
620 1280 743 1312 angusta
771 1274 806 1302 sit
831 1273 877 1300 uia

319 1328 428 1356 ducens
443 1326 480 1354 ad
494 1325 585 1353 uitam
599 1328 627 1357 et
644 1322 777 1359 spaciosa
792 1320 878 1348 nimis

322 1375 430 1404 ducens
445 1373 481 1401 ad
497 1376 621 1400 mortem
636 1374 792 1398 aeternam.

280 1422 326 1451 De
355 1431 391 1450 eo
420 1420 498 1458 quod
534 1419 620 1446 arbor
649 1417 727 1444 bona
755 1415 878 1443 fructum

322 1469 407 1497 faciat
420 1468 540 1496 bonum.

286 1516 382 1544 XVII.
408 1514 454 1543 De
476 1522 511 1542 eo
534 1511 614 1550 quod
635 1519 695 1539 non
717 1508 811 1538 omnis
833 1507 882 1545 qui

323 1563 391 1592 dicit
416 1562 472 1590 dne
492 1560 548 1589 dfie
570 1558 686 1587 intrabit
709 1557 737 1584 In
758 1563 881 1593 regnum

323 1609 473 1639 caelorum
505 1611 534 1635 et
559 1605 638 1643 quod
663 1604 768 1632 domus
797 1610 883 1638 super

325 1664 445 1685 arenam
457 1653 576 1682 fundata
591 1650 774 1680 mouentibus
788 1648 882 1676 uentis

326 1709 431 1732 statum
447 1702 561 1730 firmum
576 1708 636 1727 non
652 1701 754 1726 teneat.

286 1750 399 1779 XVIII.
420 1748 466 1777 De
482 1757 517 1776 eo
534 1746 612 1785 quod
632 1745 675 1773 ihs
692 1744 721 1771 in
741 1746 881 1780 potestate

324 1806 433 1834 magna
462 1794 560 1824 docuit
585 1798 613 1821 et
641 1789 821 1820 descendens
846 1788 882 1816 de

324 1849 423 1873 monte
439 1843 601 1879 laeprosum
617 1837 777 1868 mundanit.

286 1891 415 1921 XVIIII.
450 1889 495 1918 De
537 1897 573 1916 eo
616 1885 696 1924 quod
739 1884 884 1920 ingressus

329 1938 537 1976 Capharnaum
562 1942 684 1972 puerum
709 1928 885 1959 centurionis

326 1987 417 2014 uerbo
438 1983 557 2012 sanauit.

290 2034 357 2062 XX.
388 2032 434 2060 De
458 2040 493 2059 eo
518 2029 597 2066 quod
621 2035 735 2056 socrum
764 2029 843 2062 petre
868 2032 886 2051 a

330 2080 405 2108 febre
420 2077 556 2107 liberauit.

292 2174 374 2203 XXI.
395 2173 441 2201 De
463 2181 498 2200 eo
521 2169 601 2208 quod
623 2166 737 2196 cuidam
755 2165 824 2193 dixit
843 2173 887 2192 se-

334 2229 420 2258 quere
435 2228 482 2247 me
498 2222 524 2246 et
539 2217 610 2246 alius
626 2214 696 2243 dixit
710 2220 813 2250 sequar
831 2216 868 2238 te.

293 2266 390 2296 XXII.
412 2265 457 2293 De
479 2273 514 2293 eo
534 2261 613 2300 quod
635 2261 663 2288 in
684 2257 815 2287 nauicula
834 2256 889 2284 dfrs

333 2312 480 2342 dormiens
501 2320 518 2338 a
539 2307 685 2345 discipulis
705 2305 843 2334 excitatur
860 2303 890 2331 in

335 2369 415 2389 mare
430 2356 661 2396 periclitantibus.

1066 331 1195 356 Hilarius.

922 611 958 639 V.
980 610 1026 638 De
1042 609 1171 638 oratione
1187 612 1214 636 et
1229 607 1346 635 ieiunio.

964 657 1010 686 De
1039 656 1174 684 thesauro
1202 654 1232 682 in
1255 653 1347 682 coelo.

964 704 1010 732 De
1055 703 1172 731 lucerna
1210 701 1348 738 corporis.

965 751 1010 779 De
1023 750 1135 779 duobus
1148 748 1281 777 dominis.
1304 747 1348 775 De

967 799 1032 827 cibo
1043 797 1192 825 etuestitu.
1214 795 1259 823 De
1268 794 1349 823 uola-

966 845 1063 873 tilibus
1090 849 1118 872 et
1144 842 1207 871 liliis
1231 842 1300 879 agri,
1322 845 1350 869 et

968 892 1064 920 foeno.
1101 890 1146 918 De
1162 888 1350 918 sollicitudine

968 939 1031 967 diei.
1088 937 1134 965 De
1174 936 1281 965 festuca
1324 940 1351 963 et

968 986 1049 1013 trabe
1071 985 1100 1012 in
1121 983 1216 1012 oculo.

932 1174 984 1202 VI.
1020 1174 1065 1202 De
1097 1171 1259 1209 margaritis
1287 1175 1355 1198 ante

971 1229 1083 1259 porcos.
1140 1219 1185 1247 De
1228 1217 1354 1256 pseudo-

970 1267 1124 1305 prophetis.
1184 1265 1229 1293 De
1266 1264 1355 1292 domo

972 1314 1121 1343 aedificata
1137 1322 1222 1350 super
1233 1316 1354 1349 petram.

936 1743 1005 1771 VII.
1040 1741 1086 1770 De
1121 1740 1235 1777 leproso
1270 1745 1357 1775 quem

976 1789 1087 1819 curauit
1118 1786 1261 1816 dominus.
1314 1783 1360 1812 De

977 1845 1066 1874 puero
1078 1834 1184 1863 tribuni
1193 1831 1360 1870 paralytico.

979 1884 1025 1912 De
1057 1891 1142 1911 socru
1179 1880 1263 1909 Petri.
1315 1878 1361 1906 De

978 1929 1108 1969 plurimis
1158 1932 1185 1957 et
1242 1926 1362 1955 diuersis

979 1978 1062 2007 curis.

943 2301 1027 2330 VIII.
1047 2300 1092 2328 De
1103 2297 1247 2335 discipulis
1259 2296 1288 2324 in
1300 2294 1367 2323 naui

984 2346 1176 2378 excitantibus
1187 2344 1293 2372 Iesum.
1321 2341 1367 2370 De

985 2395 1099 2424 duobus
1122 2390 1320 2421 daemoniacis
1340 2390 1369 2417 in

984 2449 1058 2472 terra
1071 2441 1296 2470 Gerasenorum.
1324 2437 1370 2465 De

984 2489 1143 2528 paralytico
1157 2491 1256 2516 curato
1269 2490 1296 2514 et
1312 2484 1371 2513 lec-

988 2543 1050 2566 tum
1066 2535 1183 2564 ferente.

1480 330 1600 354 Rabanus
1616 330 1735 353 Maurus.

1397 471 1449 499 VI.
1465 471 1509 499 De
1519 471 1703 508 eleemosyna
1714 471 1820 498 facien-

1438 518 1483 552 da,
1499 518 1535 547 de
1558 518 1670 546 orando
1691 517 1764 551 Deo,
1784 517 1820 545 de

1438 565 1555 594 uitanda
1604 564 1746 602 hypocrisi
1794 568 1822 592 et

1438 612 1564 641 auaritia.

1407 1260 1475 1289 VII.
1510 1259 1556 1288 De
1585 1268 1644 1287 non
1676 1256 1832 1286 iudicando

1448 1307 1613 1346 proximum
1634 1310 1749 1333 temere.

1490 1354 1630 1382 Hortatur
1649 1350 1761 1389 ingredi
1782 1359 1833 1387 per

1449 1405 1603 1438 angustam
1612 1404 1737 1437 portam
1750 1397 1834 1426 docet

1450 1447 1598 1477 canendos
1638 1446 1725 1475 falsos
1766 1453 1834 1482 pro-

1451 1495 1561 1533 phetas,
1578 1497 1622 1522 elc.

1413 1736 1497 1765 VIII.
1528 1734 1672 1763 Absoluto
1701 1741 1837 1761 sermone

1454 1784 1483 1811 in
1535 1786 1634 1810 monte
1683 1779 1838 1808 mundatur

1456 1831 1596 1868 leprosus,
1617 1832 1733 1856 sanatur
1755 1835 1837 1863 para-

1457 1878 1569 1915 lyticus,
1585 1880 1613 1903 et
1631 1883 1729 1903 socrus
1747 1872 1837 1901 Petri:

1456 1924 1574 1962 quidam
1613 1921 1694 1959 sequi
1737 1919 1839 1948 uolunt

1457 1970 1628 2004 Dominum,
1667 1968 1715 2005 qui
1758 1966 1838 1994 naui-

1459 2027 1532 2056 gans
1544 2019 1744 2053 tempestatem
1759 2013 1840 2042 sedat

1457 2070 1485 2094 et
1500 2064 1658 2093 daemones
1673 2061 1795 2098 expellit.
