<?xml version="1.0" encoding="UTF-8"?>
<!DOCTYPE html PUBLIC "-//W3C//DTD XHTML 1.0 Transitional//EN"
    "http://www.w3.org/TR/xhtml1/DTD/xhtml1-transitional.dtd">
<html xmlns="http://www.w3.org/1999/xhtml" xml:lang="en" lang="en">
 <head>
  <title>
</title>
<meta http-equiv="Content-Type" content="text/html;charset=utf-8" />
  <meta name='ocr-system' content='tesseract 3.04.00' />
  <meta name='ocr-capabilities' content='ocr_page ocr_carea ocr_par ocr_line ocrx_word'/>
</head>
<body>
  <div class='ocr_page' id='page_1' title='image "./quattuoreuangeli00jero_0745.png"; bbox 0 0 2209 3147; ppageno 0'>
   <div class='ocr_carea' id='block_1_1' title="bbox 709 237 1345 269">
    <p class='ocr_par' dir='ltr' id='par_1_1' title="bbox 709 237 1345 269">
     <span class='ocr_line' id='line_1_1' title="bbox 709 237 1345 269; baseline -0.008 0"><span class='ocrx_word' id='word_1_1' title='bbox 709 239 935 269; x_wconf 75' lang='lat' dir='ltr'><em>CAPITULA</em></span> <span class='ocrx_word' id='word_1_2' title='bbox 963 239 1069 266; x_wconf 78' lang='lat' dir='ltr'><em>ALIA</em></span> <span class='ocrx_word' id='word_1_3' title='bbox 1098 238 1155 265; x_wconf 85' lang='lat' dir='ltr'>IN</span> <span class='ocrx_word' id='word_1_4' title='bbox 1175 237 1345 265; x_wconf 81' lang='lat' dir='ltr'>LUCAM.</span> 
     </span>
    </p>
   </div>
   <div class='ocr_carea' id='block_1_2' title="bbox 536 331 712 357">
    <p class='ocr_par' dir='ltr' id='par_1_2' title="bbox 536 331 712 357">
     <span class='ocr_line' id='line_1_2' title="bbox 536 331 712 357; baseline -0.011 0"><span class='ocrx_word' id='word_1_5' title='bbox 536 334 595 357; x_wconf 76' lang='lat' dir='ltr'>Far.</span> <span class='ocrx_word' id='word_1_6' title='bbox 610 333 665 356; x_wconf 79' lang='lat' dir='ltr'>Lat.</span> <span class='ocrx_word' id='word_1_7' title='bbox 680 331 712 356; x_wconf 72' lang='lat'>6⁴.</span> 
     </span>
    </p>
   </div>
   <div class='ocr_carea' id='block_1_3' title="bbox 255 379 1008 2480">
    <p class='ocr_par' dir='ltr' id='par_1_3' title="bbox 256 379 1001 513">
     <span class='ocr_line' id='line_1_3' title="bbox 256 379 1001 419; baseline -0.007 -8"><span class='ocrx_word' id='word_1_8' title='bbox 256 381 338 411; x_wconf 74' lang='lat' dir='ltr'>XXV.</span> <span class='ocrx_word' id='word_1_9' title='bbox 362 381 501 419; x_wconf 83' lang='lat' dir='ltr'>Discipuli</span> <span class='ocrx_word' id='word_1_10' title='bbox 517 382 636 409; x_wconf 85' lang='lat' dir='ltr'>redeunt</span> <span class='ocrx_word' id='word_1_11' title='bbox 651 380 687 408; x_wconf 87' lang='lat' dir='ltr'>ad</span> <span class='ocrx_word' id='word_1_12' title='bbox 705 380 763 407; x_wconf 82' lang='lat' dir='ltr'>ihm</span> <span class='ocrx_word' id='word_1_13' title='bbox 781 401 786 406; x_wconf 69' lang='grc'><em>.</em></span> <span class='ocrx_word' id='word_1_14' title='bbox 801 384 829 407; x_wconf 57' lang='lat' dir='ltr'>tt</span> <span class='ocrx_word' id='word_1_15' title='bbox 845 380 873 407; x_wconf 91' lang='lat' dir='ltr'>in</span> <span class='ocrx_word' id='word_1_16' title='bbox 889 379 1001 407; x_wconf 90' lang='lat' dir='ltr'>deserto</span> 
     </span>
     <span class='ocr_line' id='line_1_4' title="bbox 296 426 1001 465; baseline -0.007 -7"><span class='ocrx_word' id='word_1_17' title='bbox 296 429 442 458; x_wconf 78' lang='lat' dir='ltr'>bethsaide</span> <span class='ocrx_word' id='word_1_18' title='bbox 463 451 468 456; x_wconf 74' lang='grc'>,</span> <span class='ocrx_word' id='word_1_19' title='bbox 491 428 526 456; x_wconf 87' lang='lat' dir='ltr'>de</span> <span class='ocrx_word' id='word_1_20' title='bbox 548 428 674 465; x_wconf 88' lang='lat' dir='ltr'>quinque</span> <span class='ocrx_word' id='word_1_21' title='bbox 696 427 818 463; x_wconf 77' lang='lat' dir='ltr'>panibus</span> <span class='ocrx_word' id='word_1_22' title='bbox 840 431 867 454; x_wconf 90' lang='lat' dir='ltr'>et</span> <span class='ocrx_word' id='word_1_23' title='bbox 890 426 1001 453; x_wconf 88' lang='lat' dir='ltr'>duobus</span> 
     </span>
     <span class='ocr_line' id='line_1_5' title="bbox 297 473 933 513; baseline -0.008 -8"><span class='ocrx_word' id='word_1_24' title='bbox 297 477 422 513; x_wconf 79' lang='lat' dir='ltr'>piscibus</span> <span class='ocrx_word' id='word_1_25' title='bbox 437 498 442 503; x_wconf 94' lang='lat'>.</span> <span class='ocrx_word' id='word_1_26' title='bbox 460 475 586 512; x_wconf 84' lang='lat' dir='ltr'>quinque</span> <span class='ocrx_word' id='word_1_27' title='bbox 602 474 678 501; x_wconf 86' lang='lat' dir='ltr'>milia</span> <span class='ocrx_word' id='word_1_28' title='bbox 693 474 819 501; x_wconf 89' lang='lat' dir='ltr'>uirorum</span> <span class='ocrx_word' id='word_1_29' title='bbox 835 473 933 509; x_wconf 86' lang='lat' dir='ltr'>pascit.</span> 
     </span>
    </p>

    <p class='ocr_par' dir='ltr' id='par_1_4' title="bbox 256 517 1003 791">
     <span class='ocr_line' id='line_1_6' title="bbox 256 517 1002 558; baseline -0.007 -7"><span class='ocrx_word' id='word_1_30' title='bbox 256 522 349 551; x_wconf 54' lang='lat' dir='ltr'>XXU.</span> <span class='ocrx_word' id='word_1_31' title='bbox 380 517 448 550; x_wconf 75' lang='lat' dir='ltr'>IHS</span> <span class='ocrx_word' id='word_1_32' title='bbox 471 521 626 558; x_wconf 87' lang='lat' dir='ltr'>discipulos</span> <span class='ocrx_word' id='word_1_33' title='bbox 647 521 803 557; x_wconf 85' lang='lat' dir='ltr'>interrogat</span> <span class='ocrx_word' id='word_1_34' title='bbox 825 529 911 557; x_wconf 87' lang='lat' dir='ltr'>quem</span> <span class='ocrx_word' id='word_1_35' title='bbox 936 528 1002 547; x_wconf 90' lang='lat' dir='ltr'>eum</span> 
     </span>
     <span class='ocr_line' id='line_1_7' title="bbox 296 567 1003 604; baseline -0.006 -7"><span class='ocrx_word' id='word_1_36' title='bbox 296 570 394 597; x_wconf 87' lang='lat' dir='ltr'>dicunt</span> <span class='ocrx_word' id='word_1_37' title='bbox 410 569 491 597; x_wconf 83' lang='lat' dir='ltr'>turbe</span> <span class='ocrx_word' id='word_1_38' title='bbox 505 590 509 595; x_wconf 95' lang='lat'>.</span> <span class='ocrx_word' id='word_1_39' title='bbox 523 573 549 596; x_wconf 87' lang='lat' dir='ltr'>et</span> <span class='ocrx_word' id='word_1_40' title='bbox 562 568 597 596; x_wconf 89' lang='lat' dir='ltr'>de</span> <span class='ocrx_word' id='word_1_41' title='bbox 613 567 747 604; x_wconf 83' lang='lat' dir='ltr'>passione</span> <span class='ocrx_word' id='word_1_42' title='bbox 763 576 814 594; x_wconf 88' lang='lat' dir='ltr'>sua</span> <span class='ocrx_word' id='word_1_43' title='bbox 831 567 937 594; x_wconf 89' lang='lat' dir='ltr'>indicat</span> <span class='ocrx_word' id='word_1_44' title='bbox 954 588 960 593; x_wconf 94' lang='lat'>.</span> <span class='ocrx_word' id='word_1_45' title='bbox 976 571 1003 594; x_wconf 86' lang='lat' dir='ltr'>et</span> 
     </span>
     <span class='ocr_line' id='line_1_8' title="bbox 295 613 1003 654; baseline -0.006 -10"><span class='ocrx_word' id='word_1_46' title='bbox 295 617 343 654; x_wconf 89' lang='lat' dir='ltr'>qui</span> <span class='ocrx_word' id='word_1_47' title='bbox 358 616 419 644; x_wconf 91' lang='lat' dir='ltr'>uult</span> <span class='ocrx_word' id='word_1_48' title='bbox 436 625 483 643; x_wconf 86' lang='lat' dir='ltr'>me</span> <span class='ocrx_word' id='word_1_49' title='bbox 502 615 583 652; x_wconf 86' lang='lat' dir='ltr'>sequi</span> <span class='ocrx_word' id='word_1_50' title='bbox 604 614 683 642; x_wconf 89' lang='lat' dir='ltr'>tollat</span> <span class='ocrx_word' id='word_1_51' title='bbox 704 623 818 642; x_wconf 87' lang='lat' dir='ltr'>crucem</span> <span class='ocrx_word' id='word_1_52' title='bbox 834 613 937 641; x_wconf 82' lang='lat' dir='ltr'>cotidie</span> <span class='ocrx_word' id='word_1_53' title='bbox 954 635 959 641; x_wconf 98' lang='lat'>.</span> <span class='ocrx_word' id='word_1_54' title='bbox 976 619 1003 640; x_wconf 89' lang='lat' dir='ltr'>et</span> 
     </span>
     <span class='ocr_line' id='line_1_9' title="bbox 296 660 1003 700; baseline -0.006 -9"><span class='ocrx_word' id='word_1_55' title='bbox 296 664 344 700; x_wconf 88' lang='lat' dir='ltr'>qui</span> <span class='ocrx_word' id='word_1_56' title='bbox 365 672 410 690; x_wconf 85' lang='lat' dir='ltr'>me</span> <span class='ocrx_word' id='word_1_57' title='bbox 429 662 570 690; x_wconf 75' lang='lat' dir='ltr'>erubuerit</span> <span class='ocrx_word' id='word_1_58' title='bbox 589 684 594 688; x_wconf 93' lang='lat'>.</span> <span class='ocrx_word' id='word_1_59' title='bbox 613 667 640 689; x_wconf 88' lang='lat' dir='ltr'>et</span> <span class='ocrx_word' id='word_1_60' title='bbox 661 661 729 698; x_wconf 88' lang='lat' dir='ltr'>quid</span> <span class='ocrx_word' id='word_1_61' title='bbox 748 661 874 697; x_wconf 85' lang='lat' dir='ltr'>proderit</span> <span class='ocrx_word' id='word_1_62' title='bbox 893 660 1003 688; x_wconf 90' lang='lat' dir='ltr'>homini</span> 
     </span>
     <span class='ocr_line' id='line_1_10' title="bbox 296 707 1002 737; baseline -0.004 0"><span class='ocrx_word' id='word_1_63' title='bbox 296 710 318 737; x_wconf 92' lang='lat' dir='ltr'>si</span> <span class='ocrx_word' id='word_1_64' title='bbox 334 709 475 736; x_wconf 86' lang='lat' dir='ltr'>mundum</span> <span class='ocrx_word' id='word_1_65' title='bbox 495 708 619 736; x_wconf 85' lang='lat' dir='ltr'>lucretur</span> <span class='ocrx_word' id='word_1_66' title='bbox 635 729 640 735; x_wconf 92' lang='lat'>.</span> <span class='ocrx_word' id='word_1_67' title='bbox 656 713 683 735; x_wconf 89' lang='lat' dir='ltr'>et</span> <span class='ocrx_word' id='word_1_68' title='bbox 700 707 772 735; x_wconf 88' lang='lat' dir='ltr'>filius</span> <span class='ocrx_word' id='word_1_69' title='bbox 792 707 916 735; x_wconf 87' lang='lat' dir='ltr'>hominis</span> <span class='ocrx_word' id='word_1_70' title='bbox 937 715 1002 734; x_wconf 87' lang='lat' dir='ltr'>curn</span> 
     </span>
     <span class='ocr_line' id='line_1_11' title="bbox 297 754 832 791; baseline -0.007 -7"><span class='ocrx_word' id='word_1_71' title='bbox 297 756 405 784; x_wconf 88' lang='lat' dir='ltr'>uenerit</span> <span class='ocrx_word' id='word_1_72' title='bbox 420 756 448 782; x_wconf 88' lang='lat' dir='ltr'>in</span> <span class='ocrx_word' id='word_1_73' title='bbox 465 755 612 782; x_wconf 86' lang='lat' dir='ltr'>maiestate</span> <span class='ocrx_word' id='word_1_74' title='bbox 629 764 680 782; x_wconf 87' lang='lat' dir='ltr'>sua</span> <span class='ocrx_word' id='word_1_75' title='bbox 695 759 723 782; x_wconf 89' lang='lat' dir='ltr'>et</span> <span class='ocrx_word' id='word_1_76' title='bbox 737 754 832 791; x_wconf 82' lang='lat' dir='ltr'>patris.</span> 
     </span>
    </p>

    <p class='ocr_par' dir='ltr' id='par_1_5' title="bbox 255 801 1004 1027">
     <span class='ocr_line' id='line_1_12' title="bbox 255 801 1004 838; baseline -0.005 -7"><span class='ocrx_word' id='word_1_77' title='bbox 255 801 357 831; x_wconf 72' lang='lat' dir='ltr'>XXVH.</span> <span class='ocrx_word' id='word_1_78' title='bbox 382 802 426 830; x_wconf 92' lang='lat' dir='ltr'>De</span> <span class='ocrx_word' id='word_1_79' title='bbox 444 802 699 838; x_wconf 85' lang='lat' dir='ltr'>transfiguracione</span> <span class='ocrx_word' id='word_1_80' title='bbox 720 801 767 828; x_wconf 75' lang='lat' dir='ltr'>ihu</span> <span class='ocrx_word' id='word_1_81' title='bbox 789 801 816 828; x_wconf 92' lang='lat' dir='ltr'>in</span> <span class='ocrx_word' id='word_1_82' title='bbox 839 806 938 828; x_wconf 88' lang='lat' dir='ltr'>monte</span> <span class='ocrx_word' id='word_1_83' title='bbox 955 821 961 827; x_wconf 91' lang='lat'>.</span> <span class='ocrx_word' id='word_1_84' title='bbox 976 805 1004 828; x_wconf 89' lang='lat' dir='ltr'>et</span> 
     </span>
     <span class='ocr_line' id='line_1_13' title="bbox 295 847 1003 877; baseline -0.004 0"><span class='ocrx_word' id='word_1_85' title='bbox 295 849 472 877; x_wconf 85' lang='lat' dir='ltr'>descendens</span> <span class='ocrx_word' id='word_1_86' title='bbox 500 857 517 876; x_wconf 87' lang='lat' dir='ltr'>a</span> <span class='ocrx_word' id='word_1_87' title='bbox 546 848 731 876; x_wconf 86' lang='lat' dir='ltr'>daemonium</span> <span class='ocrx_word' id='word_1_88' title='bbox 757 847 857 875; x_wconf 89' lang='lat' dir='ltr'>liberat</span> <span class='ocrx_word' id='word_1_89' title='bbox 883 869 888 875; x_wconf 98' lang='lat'>.</span> <span class='ocrx_word' id='word_1_90' title='bbox 915 853 943 874; x_wconf 88' lang='lat' dir='ltr'>et</span> <span class='ocrx_word' id='word_1_91' title='bbox 969 847 1003 874; x_wconf 88' lang='lat' dir='ltr'>de</span> 
     </span>
     <span class='ocr_line' id='line_1_14' title="bbox 296 894 1002 933; baseline -0.004 -9"><span class='ocrx_word' id='word_1_92' title='bbox 296 897 429 933; x_wconf 79' lang='lat' dir='ltr'>passione</span> <span class='ocrx_word' id='word_1_93' title='bbox 450 905 502 923; x_wconf 89' lang='lat' dir='ltr'>sua</span> <span class='ocrx_word' id='word_1_94' title='bbox 523 899 676 931; x_wconf 80' lang='lat' dir='ltr'>premonet</span> <span class='ocrx_word' id='word_1_95' title='bbox 695 899 722 922; x_wconf 86' lang='lat' dir='ltr'>et</span> <span class='ocrx_word' id='word_1_96' title='bbox 744 895 793 931; x_wconf 89' lang='lat' dir='ltr'>qui</span> <span class='ocrx_word' id='word_1_97' title='bbox 816 894 915 931; x_wconf 85' lang='lat' dir='ltr'>recipit</span> <span class='ocrx_word' id='word_1_98' title='bbox 935 903 1002 931; x_wconf 89' lang='lat' dir='ltr'>pue-</span> 
     </span>
     <span class='ocr_line' id='line_1_15' title="bbox 295 941 1003 980; baseline -0.004 -9"><span class='ocrx_word' id='word_1_99' title='bbox 295 952 357 971; x_wconf 89' lang='lat' dir='ltr'>rum</span> <span class='ocrx_word' id='word_1_100' title='bbox 374 965 379 970; x_wconf 91' lang='lat'>.</span> <span class='ocrx_word' id='word_1_101' title='bbox 396 948 422 971; x_wconf 90' lang='lat' dir='ltr'>et</span> <span class='ocrx_word' id='word_1_102' title='bbox 438 943 486 980; x_wconf 88' lang='lat' dir='ltr'>qui</span> <span class='ocrx_word' id='word_1_103' title='bbox 505 951 551 970; x_wconf 90' lang='lat' dir='ltr'>me</span> <span class='ocrx_word' id='word_1_104' title='bbox 567 942 666 978; x_wconf 85' lang='lat' dir='ltr'>recipit</span> <span class='ocrx_word' id='word_1_105' title='bbox 683 964 688 968; x_wconf 93' lang='lat'>.</span> <span class='ocrx_word' id='word_1_106' title='bbox 705 947 733 970; x_wconf 91' lang='lat' dir='ltr'>et</span> <span class='ocrx_word' id='word_1_107' title='bbox 753 941 835 969; x_wconf 80' lang='lat' dir='ltr'>iohns</span> <span class='ocrx_word' id='word_1_108' title='bbox 852 941 917 969; x_wconf 89' lang='lat' dir='ltr'>dicit</span> <span class='ocrx_word' id='word_1_109' title='bbox 932 941 1003 969; x_wconf 90' lang='lat' dir='ltr'>uidi-</span> 
     </span>
     <span class='ocr_line' id='line_1_16' title="bbox 295 990 528 1027; baseline -0.009 -9"><span class='ocrx_word' id='word_1_110' title='bbox 295 999 360 1018; x_wconf 88' lang='lat' dir='ltr'>mus</span> <span class='ocrx_word' id='word_1_111' title='bbox 375 990 528 1027; x_wconf 85' lang='lat' dir='ltr'>quendam.</span> 
     </span>
    </p>

    <p class='ocr_par' dir='ltr' id='par_1_6' title="bbox 256 1035 1004 1121">
     <span class='ocr_line' id='line_1_17' title="bbox 256 1035 1004 1065; baseline -0.003 -1"><span class='ocrx_word' id='word_1_112' title='bbox 256 1036 392 1065; x_wconf 79' lang='lat' dir='ltr'>XXVIF.</span> <span class='ocrx_word' id='word_1_113' title='bbox 415 1037 505 1065; x_wconf 82' lang='lat' dir='ltr'>Iohns</span> <span class='ocrx_word' id='word_1_114' title='bbox 520 1041 548 1064; x_wconf 91' lang='lat' dir='ltr'>et</span> <span class='ocrx_word' id='word_1_115' title='bbox 562 1036 681 1064; x_wconf 86' lang='lat' dir='ltr'>iacobus</span> <span class='ocrx_word' id='word_1_116' title='bbox 697 1036 794 1064; x_wconf 88' lang='lat' dir='ltr'>dicunt</span> <span class='ocrx_word' id='word_1_117' title='bbox 809 1035 845 1063; x_wconf 90' lang='lat' dir='ltr'>ad</span> <span class='ocrx_word' id='word_1_118' title='bbox 864 1035 923 1063; x_wconf 83' lang='lat' dir='ltr'>ihm</span> <span class='ocrx_word' id='word_1_119' title='bbox 940 1057 945 1063; x_wconf 91' lang='lat'>.</span> <span class='ocrx_word' id='word_1_120' title='bbox 961 1035 1004 1063; x_wconf 90' lang='lat' dir='ltr'>uis</span> 
     </span>
     <span class='ocr_line' id='line_1_18' title="bbox 296 1082 1004 1121; baseline -0.004 -9"><span class='ocrx_word' id='word_1_121' title='bbox 296 1084 419 1121; x_wconf 87' lang='lat' dir='ltr'>petimus</span> <span class='ocrx_word' id='word_1_122' title='bbox 435 1084 531 1120; x_wconf 84' lang='lat' dir='ltr'>ignem</span> <span class='ocrx_word' id='word_1_123' title='bbox 548 1083 620 1111; x_wconf 87' lang='lat' dir='ltr'>sicut</span> <span class='ocrx_word' id='word_1_124' title='bbox 635 1082 723 1110; x_wconf 89' lang='lat' dir='ltr'>helias</span> <span class='ocrx_word' id='word_1_125' title='bbox 740 1104 745 1109; x_wconf 92' lang='lat'>.</span> <span class='ocrx_word' id='word_1_126' title='bbox 762 1088 788 1110; x_wconf 85' lang='lat' dir='ltr'>et</span> <span class='ocrx_word' id='word_1_127' title='bbox 804 1083 931 1119; x_wconf 81' lang='lat' dir='ltr'>increpat</span> <span class='ocrx_word' id='word_1_128' title='bbox 946 1091 1004 1110; x_wconf 91' lang='lat' dir='ltr'>eos.</span> 
     </span>
    </p>

    <p class='ocr_par' dir='ltr' id='par_1_7' title="bbox 256 1129 1004 1252">
     <span class='ocr_line' id='line_1_19' title="bbox 256 1129 1004 1166; baseline -0.003 -8"><span class='ocrx_word' id='word_1_129' title='bbox 256 1129 398 1158; x_wconf 75' lang='lat' dir='ltr'>XXVIffl.</span> <span class='ocrx_word' id='word_1_130' title='bbox 422 1130 548 1165; x_wconf 82' lang='lat' dir='ltr'>Quidam</span> <span class='ocrx_word' id='word_1_131' title='bbox 570 1129 606 1157; x_wconf 92' lang='lat' dir='ltr'>ad</span> <span class='ocrx_word' id='word_1_132' title='bbox 628 1129 687 1157; x_wconf 79' lang='lat' dir='ltr'>ihm</span> <span class='ocrx_word' id='word_1_133' title='bbox 708 1129 774 1157; x_wconf 86' lang='lat' dir='ltr'>dicit</span> <span class='ocrx_word' id='word_1_134' title='bbox 798 1138 901 1166; x_wconf 83' lang='lat' dir='ltr'>sequar</span> <span class='ocrx_word' id='word_1_135' title='bbox 916 1135 961 1156; x_wconf 90' lang='lat' dir='ltr'>te.</span> <span class='ocrx_word' id='word_1_136' title='bbox 977 1134 1004 1156; x_wconf 88' lang='lat' dir='ltr'>et</span> 
     </span>
     <span class='ocr_line' id='line_1_20' title="bbox 297 1176 1004 1205; baseline -0.004 0"><span class='ocrx_word' id='word_1_137' title='bbox 297 1177 375 1205; x_wconf 85' lang='lat' dir='ltr'>alteri</span> <span class='ocrx_word' id='word_1_138' title='bbox 390 1177 433 1205; x_wconf 78' lang='lat' dir='ltr'>ihs</span> <span class='ocrx_word' id='word_1_139' title='bbox 446 1177 513 1205; x_wconf 92' lang='lat' dir='ltr'>dicit</span> <span class='ocrx_word' id='word_1_140' title='bbox 531 1176 591 1205; x_wconf 89' lang='lat' dir='ltr'>sine</span> <span class='ocrx_word' id='word_1_141' title='bbox 611 1181 740 1204; x_wconf 88' lang='lat' dir='ltr'>mortuos</span> <span class='ocrx_word' id='word_1_142' title='bbox 764 1197 769 1202; x_wconf 92' lang='lat'>.</span> <span class='ocrx_word' id='word_1_143' title='bbox 791 1181 817 1203; x_wconf 89' lang='lat' dir='ltr'>et</span> <span class='ocrx_word' id='word_1_144' title='bbox 839 1185 925 1203; x_wconf 90' lang='lat' dir='ltr'>nemo</span> <span class='ocrx_word' id='word_1_145' title='bbox 942 1176 1004 1203; x_wconf 89' lang='lat' dir='ltr'>mit-</span> 
     </span>
     <span class='ocr_line' id='line_1_21' title="bbox 297 1224 759 1252; baseline -0.002 -1"><span class='ocrx_word' id='word_1_146' title='bbox 297 1230 360 1252; x_wconf 88' lang='lat' dir='ltr'>tens</span> <span class='ocrx_word' id='word_1_147' title='bbox 376 1233 496 1251; x_wconf 88' lang='lat' dir='ltr'>manum</span> <span class='ocrx_word' id='word_1_148' title='bbox 515 1232 597 1251; x_wconf 86' lang='lat' dir='ltr'>suam</span> <span class='ocrx_word' id='word_1_149' title='bbox 614 1224 642 1250; x_wconf 89' lang='lat' dir='ltr'>in</span> <span class='ocrx_word' id='word_1_150' title='bbox 658 1228 759 1250; x_wconf 85' lang='lat' dir='ltr'>aratro.</span> 
     </span>
    </p>

    <p class='ocr_par' dir='ltr' id='par_1_8' title="bbox 257 1269 1005 1486">
     <span class='ocr_line' id='line_1_22' title="bbox 257 1269 1005 1307; baseline -0.004 -8"><span class='ocrx_word' id='word_1_151' title='bbox 257 1271 351 1298; x_wconf 91' lang='lat' dir='ltr'>XXX.</span> <span class='ocrx_word' id='word_1_152' title='bbox 373 1271 418 1299; x_wconf 87' lang='lat' dir='ltr'>De</span> <span class='ocrx_word' id='word_1_153' title='bbox 438 1270 620 1307; x_wconf 79' lang='lat' dir='ltr'>septuaginta</span> <span class='ocrx_word' id='word_1_154' title='bbox 634 1270 747 1298; x_wconf 88' lang='lat' dir='ltr'>duobus</span> <span class='ocrx_word' id='word_1_155' title='bbox 768 1269 915 1306; x_wconf 84' lang='lat' dir='ltr'>discipulis</span> <span class='ocrx_word' id='word_1_156' title='bbox 931 1277 1005 1306; x_wconf 90' lang='lat' dir='ltr'>quos</span> 
     </span>
     <span class='ocr_line' id='line_1_23' title="bbox 297 1316 1005 1354; baseline -0.004 -8"><span class='ocrx_word' id='word_1_157' title='bbox 297 1318 381 1346; x_wconf 86' lang='lat' dir='ltr'>binos</span> <span class='ocrx_word' id='word_1_158' title='bbox 392 1318 427 1346; x_wconf 90' lang='lat' dir='ltr'>ad</span> <span class='ocrx_word' id='word_1_159' title='bbox 443 1317 651 1354; x_wconf 87' lang='lat' dir='ltr'>predicandum</span> <span class='ocrx_word' id='word_1_160' title='bbox 667 1317 767 1344; x_wconf 88' lang='lat' dir='ltr'>mittit.</span> <span class='ocrx_word' id='word_1_161' title='bbox 781 1322 807 1344; x_wconf 87' lang='lat' dir='ltr'>et</span> <span class='ocrx_word' id='word_1_162' title='bbox 821 1317 888 1344; x_wconf 86' lang='lat' dir='ltr'>dicit</span> <span class='ocrx_word' id='word_1_163' title='bbox 905 1316 1005 1343; x_wconf 89' lang='lat' dir='ltr'>messis</span> 
     </span>
     <span class='ocr_line' id='line_1_24' title="bbox 297 1363 1004 1400; baseline -0.004 -7"><span class='ocrx_word' id='word_1_164' title='bbox 297 1365 385 1393; x_wconf 86' lang='lat' dir='ltr'>multa</span> <span class='ocrx_word' id='word_1_165' title='bbox 398 1387 402 1393; x_wconf 97' lang='lat'>.</span> <span class='ocrx_word' id='word_1_166' title='bbox 414 1370 441 1393; x_wconf 86' lang='lat' dir='ltr'>et</span> <span class='ocrx_word' id='word_1_167' title='bbox 456 1365 492 1393; x_wconf 90' lang='lat' dir='ltr'>de</span> <span class='ocrx_word' id='word_1_168' title='bbox 508 1364 606 1393; x_wconf 87' lang='lat' dir='ltr'>saculo</span> <span class='ocrx_word' id='word_1_169' title='bbox 622 1369 649 1392; x_wconf 88' lang='lat' dir='ltr'>et</span> <span class='ocrx_word' id='word_1_170' title='bbox 664 1373 732 1400; x_wconf 88' lang='lat' dir='ltr'>pera</span> <span class='ocrx_word' id='word_1_171' title='bbox 749 1368 776 1391; x_wconf 89' lang='lat' dir='ltr'>et</span> <span class='ocrx_word' id='word_1_172' title='bbox 791 1363 985 1391; x_wconf 83' lang='lat' dir='ltr'>calciamentis</span> <span class='ocrx_word' id='word_1_173' title='bbox 999 1385 1004 1390; x_wconf 89' lang='lat'>.</span> 
     </span>
     <span class='ocr_line' id='line_1_25' title="bbox 296 1410 1005 1447; baseline -0.004 -7"><span class='ocrx_word' id='word_1_174' title='bbox 296 1418 324 1440; x_wconf 88' lang='lat' dir='ltr'>et</span> <span class='ocrx_word' id='word_1_175' title='bbox 345 1421 399 1440; x_wconf 88' lang='lat' dir='ltr'>uae</span> <span class='ocrx_word' id='word_1_176' title='bbox 419 1412 469 1440; x_wconf 84' lang='lat' dir='ltr'>tibi</span> <span class='ocrx_word' id='word_1_177' title='bbox 489 1411 623 1440; x_wconf 86' lang='lat' dir='ltr'>corozain</span> <span class='ocrx_word' id='word_1_178' title='bbox 644 1433 649 1438; x_wconf 95' lang='lat'>.</span> <span class='ocrx_word' id='word_1_179' title='bbox 667 1416 694 1439; x_wconf 91' lang='lat' dir='ltr'>et</span> <span class='ocrx_word' id='word_1_180' title='bbox 714 1411 761 1447; x_wconf 89' lang='lat' dir='ltr'>qui</span> <span class='ocrx_word' id='word_1_181' title='bbox 785 1419 837 1438; x_wconf 90' lang='lat' dir='ltr'>uos</span> <span class='ocrx_word' id='word_1_182' title='bbox 858 1410 935 1438; x_wconf 81' lang='lat' dir='ltr'>audit</span> <span class='ocrx_word' id='word_1_183' title='bbox 959 1419 1005 1437; x_wconf 91' lang='lat' dir='ltr'>me</span> 
     </span>
     <span class='ocr_line' id='line_1_26' title="bbox 297 1458 383 1486; baseline 0 0"><span class='ocrx_word' id='word_1_184' title='bbox 297 1458 383 1486; x_wconf 87' lang='lat' dir='ltr'>audit.</span> 
     </span>
    </p>

    <p class='ocr_par' dir='ltr' id='par_1_9' title="bbox 258 1503 1007 1730">
     <span class='ocr_line' id='line_1_27' title="bbox 258 1503 1005 1541; baseline -0.003 -8"><span class='ocrx_word' id='word_1_185' title='bbox 258 1506 352 1533; x_wconf 89' lang='lat' dir='ltr'>XXX.</span> <span class='ocrx_word' id='word_1_186' title='bbox 378 1506 394 1534; x_wconf 86' lang='lat' dir='ltr'>i.</span> <span class='ocrx_word' id='word_1_187' title='bbox 426 1505 562 1533; x_wconf 88' lang='lat' dir='ltr'>Reuersis</span> <span class='ocrx_word' id='word_1_188' title='bbox 588 1504 769 1541; x_wconf 77' lang='lat' dir='ltr'>septuaginta</span> <span class='ocrx_word' id='word_1_189' title='bbox 799 1503 912 1532; x_wconf 89' lang='lat' dir='ltr'>duobus</span> <span class='ocrx_word' id='word_1_190' title='bbox 938 1504 1005 1531; x_wconf 85' lang='lat' dir='ltr'>dicit</span> 
     </span>
     <span class='ocr_line' id='line_1_28' title="bbox 298 1551 1005 1587; baseline -0.004 -6"><span class='ocrx_word' id='word_1_191' title='bbox 298 1553 431 1581; x_wconf 83' lang='lat' dir='ltr'>uidebam</span> <span class='ocrx_word' id='word_1_192' title='bbox 456 1552 596 1581; x_wconf 84' lang='lat' dir='ltr'>sathanan</span> <span class='ocrx_word' id='word_1_193' title='bbox 622 1561 688 1580; x_wconf 86' lang='lat' dir='ltr'>ecce</span> <span class='ocrx_word' id='word_1_194' title='bbox 715 1551 780 1579; x_wconf 88' lang='lat' dir='ltr'>dedi</span> <span class='ocrx_word' id='word_1_195' title='bbox 803 1551 885 1579; x_wconf 89' lang='lat' dir='ltr'>uobis</span> <span class='ocrx_word' id='word_1_196' title='bbox 911 1556 1005 1587; x_wconf 87' lang='lat' dir='ltr'>potes-</span> 
     </span>
     <span class='ocr_line' id='line_1_29' title="bbox 298 1598 1007 1636; baseline -0.004 -8"><span class='ocrx_word' id='word_1_197' title='bbox 298 1605 384 1628; x_wconf 87' lang='lat' dir='ltr'>tatem</span> <span class='ocrx_word' id='word_1_198' title='bbox 413 1599 542 1628; x_wconf 88' lang='lat' dir='ltr'>calcandi</span> <span class='ocrx_word' id='word_1_199' title='bbox 566 1621 571 1627; x_wconf 85' lang='lat'>.</span> <span class='ocrx_word' id='word_1_200' title='bbox 595 1604 621 1626; x_wconf 88' lang='lat' dir='ltr'>et</span> <span class='ocrx_word' id='word_1_201' title='bbox 646 1599 767 1636; x_wconf 85' lang='lat' dir='ltr'>gaudete</span> <span class='ocrx_word' id='word_1_202' title='bbox 793 1599 859 1636; x_wconf 85' lang='lat' dir='ltr'>quia</span> <span class='ocrx_word' id='word_1_203' title='bbox 888 1598 1007 1626; x_wconf 90' lang='lat' dir='ltr'>nomina</span> 
     </span>
     <span class='ocr_line' id='line_1_30' title="bbox 298 1644 1007 1683; baseline -0.004 -8"><span class='ocrx_word' id='word_1_204' title='bbox 298 1652 392 1675; x_wconf 87' lang='lat' dir='ltr'>uestra</span> <span class='ocrx_word' id='word_1_205' title='bbox 414 1647 518 1683; x_wconf 87' lang='lat' dir='ltr'>scripta</span> <span class='ocrx_word' id='word_1_206' title='bbox 541 1650 607 1674; x_wconf 88' lang='lat' dir='ltr'>sunt</span> <span class='ocrx_word' id='word_1_207' title='bbox 629 1646 658 1673; x_wconf 90' lang='lat' dir='ltr'>in</span> <span class='ocrx_word' id='word_1_208' title='bbox 680 1645 766 1674; x_wconf 83' lang='lat' dir='ltr'>caelis</span> <span class='ocrx_word' id='word_1_209' title='bbox 785 1667 790 1673; x_wconf 94' lang='lat'>.</span> <span class='ocrx_word' id='word_1_210' title='bbox 812 1650 838 1673; x_wconf 87' lang='lat' dir='ltr'>et</span> <span class='ocrx_word' id='word_1_211' title='bbox 861 1644 1007 1673; x_wconf 83' lang='lat' dir='ltr'>confessio</span> 
     </span>
     <span class='ocr_line' id='line_1_31' title="bbox 298 1694 531 1730; baseline -0.009 -8"><span class='ocrx_word' id='word_1_212' title='bbox 298 1694 346 1722; x_wconf 80' lang='lat' dir='ltr'>ihu</span> <span class='ocrx_word' id='word_1_213' title='bbox 361 1694 397 1722; x_wconf 88' lang='lat' dir='ltr'>ad</span> <span class='ocrx_word' id='word_1_214' title='bbox 412 1698 531 1730; x_wconf 88' lang='lat' dir='ltr'>patrem.</span> 
     </span>
    </p>

    <p class='ocr_par' dir='ltr' id='par_1_10' title="bbox 258 1738 1007 1910">
     <span class='ocr_line' id='line_1_32' title="bbox 258 1738 1007 1777; baseline -0.005 -8"><span class='ocrx_word' id='word_1_215' title='bbox 258 1741 385 1769; x_wconf 89' lang='lat' dir='ltr'>XXXII.</span> <span class='ocrx_word' id='word_1_216' title='bbox 418 1740 504 1777; x_wconf 83' lang='lat' dir='ltr'>Legis</span> <span class='ocrx_word' id='word_1_217' title='bbox 533 1740 640 1777; x_wconf 89' lang='lat' dir='ltr'>peritus</span> <span class='ocrx_word' id='word_1_218' title='bbox 669 1739 727 1767; x_wconf 78' lang='lat' dir='ltr'>ihm</span> <span class='ocrx_word' id='word_1_219' title='bbox 758 1739 912 1775; x_wconf 84' lang='lat' dir='ltr'>interrogat</span> <span class='ocrx_word' id='word_1_220' title='bbox 938 1738 1007 1775; x_wconf 89' lang='lat' dir='ltr'>quid</span> 
     </span>
     <span class='ocr_line' id='line_1_33' title="bbox 299 1786 1007 1823; baseline -0.004 -7"><span class='ocrx_word' id='word_1_221' title='bbox 299 1788 430 1816; x_wconf 82' lang='lat' dir='ltr'>faciendo</span> <span class='ocrx_word' id='word_1_222' title='bbox 462 1788 550 1815; x_wconf 88' lang='lat' dir='ltr'>uitam</span> <span class='ocrx_word' id='word_1_223' title='bbox 586 1792 733 1815; x_wconf 85' lang='lat' dir='ltr'>aeternam</span> <span class='ocrx_word' id='word_1_224' title='bbox 770 1786 915 1823; x_wconf 82' lang='lat' dir='ltr'>possideat</span> <span class='ocrx_word' id='word_1_225' title='bbox 944 1808 949 1813; x_wconf 92' lang='lat'>.</span> <span class='ocrx_word' id='word_1_226' title='bbox 978 1791 1007 1813; x_wconf 91' lang='lat' dir='ltr'>et</span> 
     </span>
     <span class='ocr_line' id='line_1_34' title="bbox 299 1833 1007 1872; baseline -0.004 -9"><span class='ocrx_word' id='word_1_227' title='bbox 299 1834 467 1872; x_wconf 83' lang='lat' dir='ltr'>parabolam</span> <span class='ocrx_word' id='word_1_228' title='bbox 490 1834 626 1871; x_wconf 86' lang='lat' dir='ltr'>proponit</span> <span class='ocrx_word' id='word_1_229' title='bbox 648 1834 683 1862; x_wconf 89' lang='lat' dir='ltr'>de</span> <span class='ocrx_word' id='word_1_230' title='bbox 706 1833 823 1860; x_wconf 87' lang='lat' dir='ltr'>homine</span> <span class='ocrx_word' id='word_1_231' title='bbox 838 1833 885 1869; x_wconf 92' lang='lat' dir='ltr'>qui</span> <span class='ocrx_word' id='word_1_232' title='bbox 909 1833 1007 1861; x_wconf 87' lang='lat' dir='ltr'>incidit</span> 
     </span>
     <span class='ocr_line' id='line_1_35' title="bbox 298 1882 475 1910; baseline 0 -1"><span class='ocrx_word' id='word_1_233' title='bbox 298 1883 327 1909; x_wconf 95' lang='lat' dir='ltr'>in</span> <span class='ocrx_word' id='word_1_234' title='bbox 342 1882 475 1910; x_wconf 91' lang='lat' dir='ltr'>latrones.</span> 
     </span>
    </p>

    <p class='ocr_par' dir='ltr' id='par_1_11' title="bbox 259 1927 1007 2013">
     <span class='ocr_line' id='line_1_36' title="bbox 259 1927 1007 1963; baseline -0.005 -6"><span class='ocrx_word' id='word_1_235' title='bbox 259 1929 401 1957; x_wconf 87' lang='lat' dir='ltr'>XXXIII.</span> <span class='ocrx_word' id='word_1_236' title='bbox 425 1929 474 1957; x_wconf 84' lang='lat' dir='ltr'>Ihs</span> <span class='ocrx_word' id='word_1_237' title='bbox 489 1934 578 1957; x_wconf 87' lang='lat' dir='ltr'>marte</span> <span class='ocrx_word' id='word_1_238' title='bbox 594 1928 658 1956; x_wconf 84' lang='lat' dir='ltr'>dicit</span> <span class='ocrx_word' id='word_1_239' title='bbox 681 1927 771 1955; x_wconf 90' lang='lat' dir='ltr'>maria</span> <span class='ocrx_word' id='word_1_240' title='bbox 786 1927 926 1963; x_wconf 84' lang='lat' dir='ltr'>optimam</span> <span class='ocrx_word' id='word_1_241' title='bbox 944 1936 1007 1963; x_wconf 85' lang='lat' dir='ltr'>par-</span> 
     </span>
     <span class='ocr_line' id='line_1_37' title="bbox 299 1976 463 2013; baseline -0.006 -9"><span class='ocrx_word' id='word_1_242' title='bbox 299 1982 356 2004; x_wconf 89' lang='lat' dir='ltr'>tem</span> <span class='ocrx_word' id='word_1_243' title='bbox 371 1976 463 2013; x_wconf 84' lang='lat' dir='ltr'>elegit.</span> 
     </span>
    </p>

    <p class='ocr_par' dir='ltr' id='par_1_12' title="bbox 259 2020 1008 2153">
     <span class='ocr_line' id='line_1_38' title="bbox 259 2020 1007 2059; baseline -0.005 -8"><span class='ocrx_word' id='word_1_244' title='bbox 259 2022 408 2051; x_wconf 89' lang='lat' dir='ltr'>XXXII¹¹.</span> <span class='ocrx_word' id='word_1_245' title='bbox 430 2022 596 2059; x_wconf 85' lang='lat' dir='ltr'>Discipulos</span> <span class='ocrx_word' id='word_1_246' title='bbox 611 2031 693 2050; x_wconf 85' lang='lat' dir='ltr'>orare</span> <span class='ocrx_word' id='word_1_247' title='bbox 708 2021 792 2049; x_wconf 88' lang='lat' dir='ltr'>docet</span> <span class='ocrx_word' id='word_1_248' title='bbox 812 2043 816 2047; x_wconf 97' lang='lat'>.</span> <span class='ocrx_word' id='word_1_249' title='bbox 831 2026 858 2048; x_wconf 89' lang='lat' dir='ltr'>et</span> <span class='ocrx_word' id='word_1_250' title='bbox 873 2020 951 2057; x_wconf 87' lang='lat' dir='ltr'>quod</span> <span class='ocrx_word' id='word_1_251' title='bbox 971 2021 1007 2047; x_wconf 89' lang='lat' dir='ltr'>ait</span> 
     </span>
     <span class='ocr_line' id='line_1_39' title="bbox 300 2067 1008 2106; baseline -0.006 -8"><span class='ocrx_word' id='word_1_252' title='bbox 300 2070 423 2099; x_wconf 72' lang='lat' dir='ltr'>comoda</span> <span class='ocrx_word' id='word_1_253' title='bbox 439 2069 507 2097; x_wconf 89' lang='lat' dir='ltr'>mihi</span> <span class='ocrx_word' id='word_1_254' title='bbox 520 2075 576 2097; x_wconf 90' lang='lat' dir='ltr'>tres</span> <span class='ocrx_word' id='word_1_255' title='bbox 594 2078 683 2106; x_wconf 83' lang='lat' dir='ltr'>panes</span> <span class='ocrx_word' id='word_1_256' title='bbox 697 2074 741 2096; x_wconf 76' lang='lat' dir='ltr'>‚et</span> <span class='ocrx_word' id='word_1_257' title='bbox 756 2068 841 2104; x_wconf 85' lang='lat' dir='ltr'>petite</span> <span class='ocrx_word' id='word_1_258' title='bbox 854 2073 880 2095; x_wconf 88' lang='lat' dir='ltr'>et</span> <span class='ocrx_word' id='word_1_259' title='bbox 896 2067 1008 2095; x_wconf 87' lang='lat' dir='ltr'>dabitur</span> 
     </span>
     <span class='ocr_line' id='line_1_40' title="bbox 299 2115 752 2153; baseline -0.007 -8"><span class='ocrx_word' id='word_1_260' title='bbox 299 2117 382 2145; x_wconf 86' lang='lat' dir='ltr'>uobis</span> <span class='ocrx_word' id='word_1_261' title='bbox 398 2139 403 2145; x_wconf 92' lang='lat'>.</span> <span class='ocrx_word' id='word_1_262' title='bbox 419 2121 446 2144; x_wconf 88' lang='lat' dir='ltr'>et</span> <span class='ocrx_word' id='word_1_263' title='bbox 463 2116 497 2144; x_wconf 82' lang='lat' dir='ltr'>de</span> <span class='ocrx_word' id='word_1_264' title='bbox 513 2116 607 2153; x_wconf 84' lang='lat' dir='ltr'>lapide</span> <span class='ocrx_word' id='word_1_265' title='bbox 623 2120 650 2143; x_wconf 86' lang='lat' dir='ltr'>et</span> <span class='ocrx_word' id='word_1_266' title='bbox 665 2115 752 2152; x_wconf 85' lang='lat' dir='ltr'>pisce.</span> 
     </span>
    </p>

    <p class='ocr_par' dir='ltr' id='par_1_13' title="bbox 260 2161 1007 2433">
     <span class='ocr_line' id='line_1_41' title="bbox 260 2161 1006 2191; baseline -0.005 0"><span class='ocrx_word' id='word_1_267' title='bbox 260 2163 384 2191; x_wconf 87' lang='lat' dir='ltr'>XXXV.</span> <span class='ocrx_word' id='word_1_268' title='bbox 403 2164 452 2191; x_wconf 72' lang='lat' dir='ltr'>Ihs</span> <span class='ocrx_word' id='word_1_269' title='bbox 464 2163 632 2191; x_wconf 86' lang='lat' dir='ltr'>demonium</span> <span class='ocrx_word' id='word_1_270' title='bbox 648 2166 759 2189; x_wconf 88' lang='lat' dir='ltr'>mutum</span> <span class='ocrx_word' id='word_1_271' title='bbox 775 2162 838 2189; x_wconf 78' lang='lat' dir='ltr'>eicit</span> <span class='ocrx_word' id='word_1_272' title='bbox 852 2182 857 2187; x_wconf 89' lang='lat'>.</span> <span class='ocrx_word' id='word_1_273' title='bbox 869 2166 896 2188; x_wconf 88' lang='lat' dir='ltr'>et</span> <span class='ocrx_word' id='word_1_274' title='bbox 909 2161 1006 2188; x_wconf 85' lang='lat' dir='ltr'>dieunt</span> 
     </span>
     <span class='ocr_line' id='line_1_42' title="bbox 301 2208 1005 2247; baseline -0.004 -10"><span class='ocrx_word' id='word_1_275' title='bbox 301 2210 424 2247; x_wconf 87' lang='lat' dir='ltr'>pharisei</span> <span class='ocrx_word' id='word_1_276' title='bbox 440 2210 468 2237; x_wconf 90' lang='lat' dir='ltr'>in</span> <span class='ocrx_word' id='word_1_277' title='bbox 485 2209 661 2237; x_wconf 87' lang='lat' dir='ltr'>behelzebub</span> <span class='ocrx_word' id='word_1_278' title='bbox 678 2232 682 2236; x_wconf 92' lang='lat'>.</span> <span class='ocrx_word' id='word_1_279' title='bbox 700 2214 726 2236; x_wconf 88' lang='lat' dir='ltr'>et</span> <span class='ocrx_word' id='word_1_280' title='bbox 746 2208 861 2244; x_wconf 80' lang='lat' dir='ltr'>signum</span> <span class='ocrx_word' id='word_1_281' title='bbox 884 2211 983 2244; x_wconf 89' lang='lat' dir='ltr'>petunt</span> <span class='ocrx_word' id='word_1_282' title='bbox 999 2229 1005 2235; x_wconf 90' lang='lat'>.</span> 
     </span>
     <span class='ocr_line' id='line_1_43' title="bbox 300 2255 1007 2291; baseline -0.006 -6"><span class='ocrx_word' id='word_1_283' title='bbox 300 2262 326 2285; x_wconf 90' lang='lat' dir='ltr'>et</span> <span class='ocrx_word' id='word_1_284' title='bbox 352 2266 438 2285; x_wconf 87' lang='lat' dir='ltr'>nemo</span> <span class='ocrx_word' id='word_1_285' title='bbox 464 2257 550 2284; x_wconf 83' lang='lat' dir='ltr'>intrat</span> <span class='ocrx_word' id='word_1_286' title='bbox 572 2256 599 2283; x_wconf 90' lang='lat' dir='ltr'>in</span> <span class='ocrx_word' id='word_1_287' title='bbox 625 2256 744 2284; x_wconf 87' lang='lat' dir='ltr'>domum</span> <span class='ocrx_word' id='word_1_288' title='bbox 770 2255 849 2282; x_wconf 87' lang='lat' dir='ltr'>fortis</span> <span class='ocrx_word' id='word_1_289' title='bbox 877 2277 882 2282; x_wconf 94' lang='lat'>.</span> <span class='ocrx_word' id='word_1_290' title='bbox 906 2259 934 2282; x_wconf 89' lang='lat' dir='ltr'>et</span> <span class='ocrx_word' id='word_1_291' title='bbox 958 2255 1007 2291; x_wconf 86' lang='lat' dir='ltr'>qui</span> 
     </span>
     <span class='ocr_line' id='line_1_44' title="bbox 301 2302 1006 2340; baseline -0.004 -9"><span class='ocrx_word' id='word_1_292' title='bbox 301 2313 415 2332; x_wconf 86' lang='lat' dir='ltr'>mecum</span> <span class='ocrx_word' id='word_1_293' title='bbox 432 2313 491 2331; x_wconf 89' lang='lat' dir='ltr'>non</span> <span class='ocrx_word' id='word_1_294' title='bbox 507 2303 614 2340; x_wconf 86' lang='lat' dir='ltr'>colligit</span> <span class='ocrx_word' id='word_1_295' title='bbox 630 2307 657 2331; x_wconf 88' lang='lat' dir='ltr'>et</span> <span class='ocrx_word' id='word_1_296' title='bbox 672 2312 742 2339; x_wconf 90' lang='lat' dir='ltr'>qum</span> <span class='ocrx_word' id='word_1_297' title='bbox 763 2302 877 2338; x_wconf 87' lang='lat' dir='ltr'>spiritus</span> <span class='ocrx_word' id='word_1_298' title='bbox 892 2302 1006 2329; x_wconf 88' lang='lat' dir='ltr'>inmun-</span> 
     </span>
     <span class='ocr_line' id='line_1_45' title="bbox 301 2348 1005 2385; baseline -0.004 -7"><span class='ocrx_word' id='word_1_299' title='bbox 301 2351 354 2378; x_wconf 89' lang='lat' dir='ltr'>dus</span> <span class='ocrx_word' id='word_1_300' title='bbox 369 2350 466 2378; x_wconf 84' lang='lat' dir='ltr'>exierit</span> <span class='ocrx_word' id='word_1_301' title='bbox 482 2351 519 2378; x_wconf 89' lang='lat' dir='ltr'>ab</span> <span class='ocrx_word' id='word_1_302' title='bbox 534 2350 651 2378; x_wconf 86' lang='lat' dir='ltr'>homine</span> <span class='ocrx_word' id='word_1_303' title='bbox 666 2372 670 2376; x_wconf 93' lang='lat'>.</span> <span class='ocrx_word' id='word_1_304' title='bbox 683 2355 711 2377; x_wconf 89' lang='lat' dir='ltr'>et</span> <span class='ocrx_word' id='word_1_305' title='bbox 726 2350 827 2377; x_wconf 71' lang='lat' dir='ltr'>beatus</span> <span class='ocrx_word' id='word_1_306' title='bbox 842 2354 944 2376; x_wconf 88' lang='lat' dir='ltr'>uenter</span> <span class='ocrx_word' id='word_1_307' title='bbox 958 2348 1005 2385; x_wconf 90' lang='lat' dir='ltr'>qui</span> 
     </span>
     <span class='ocr_line' id='line_1_46' title="bbox 300 2397 475 2433; baseline -0.006 -8"><span class='ocrx_word' id='word_1_308' title='bbox 300 2402 327 2425; x_wconf 88' lang='lat' dir='ltr'>te</span> <span class='ocrx_word' id='word_1_309' title='bbox 344 2397 475 2433; x_wconf 85' lang='lat' dir='ltr'>portauit.</span> 
     </span>
    </p>

    <p class='ocr_par' dir='ltr' id='par_1_14' title="bbox 261 2441 1006 2480">
     <span class='ocr_line' id='line_1_47' title="bbox 261 2441 1006 2480; baseline -0.004 -9"><span class='ocrx_word' id='word_1_310' title='bbox 261 2442 396 2472; x_wconf 85' lang='lat' dir='ltr'>XXXV¹.</span> <span class='ocrx_word' id='word_1_311' title='bbox 426 2443 502 2478; x_wconf 81' lang='lat' dir='ltr'>Quia</span> <span class='ocrx_word' id='word_1_312' title='bbox 528 2444 643 2480; x_wconf 85' lang='lat' dir='ltr'>signum</span> <span class='ocrx_word' id='word_1_313' title='bbox 666 2452 724 2471; x_wconf 85' lang='lat' dir='ltr'>non</span> <span class='ocrx_word' id='word_1_314' title='bbox 751 2442 863 2470; x_wconf 81' lang='lat' dir='ltr'>dabitur</span> <span class='ocrx_word' id='word_1_315' title='bbox 888 2442 927 2469; x_wconf 87' lang='lat' dir='ltr'>eis</span> <span class='ocrx_word' id='word_1_316' title='bbox 953 2441 1006 2469; x_wconf 89' lang='lat' dir='ltr'>nisi</span> 
     </span>
    </p>
   </div>
   <div class='ocr_carea' id='block_1_4' title="bbox 343 2515 517 2518">
    <p class='ocr_par' dir='ltr' id='par_1_15' title="bbox 343 2515 517 2518">
     <span class='ocr_line' id='line_1_48' title="bbox 343 2515 517 2518; baseline 0 0"><span class='ocrx_word' id='word_1_317' title='bbox 343 2515 517 2518; x_wconf 95' lang='lat' dir='ltr'> </span> 
     </span>
    </p>
   </div>
   <div class='ocr_carea' id='block_1_5' title="bbox 1328 329 1530 358">
    <p class='ocr_par' dir='ltr' id='par_1_16' title="bbox 1328 329 1530 358">
     <span class='ocr_line' id='line_1_49' title="bbox 1328 329 1530 358; baseline 0 -7"><span class='ocrx_word' id='word_1_318' title='bbox 1328 329 1390 351; x_wconf 75' lang='lat' dir='ltr'>Par.</span> <span class='ocrx_word' id='word_1_319' title='bbox 1404 329 1461 351; x_wconf 79' lang='lat' dir='ltr'>Lat.</span> <span class='ocrx_word' id='word_1_320' title='bbox 1477 333 1530 358; x_wconf 75' lang='lat'>277.</span> 
     </span>
    </p>
   </div>
   <div class='ocr_carea' id='block_1_6' title="bbox 1057 803 1809 935">
    <p class='ocr_par' dir='ltr' id='par_1_17' title="bbox 1057 803 1809 935">
     <span class='ocr_line' id='line_1_50' title="bbox 1057 803 1809 841; baseline -0.005 -6"><span class='ocrx_word' id='word_1_321' title='bbox 1057 807 1157 835; x_wconf 86' lang='lat' dir='ltr'>XIIII.</span> <span class='ocrx_word' id='word_1_322' title='bbox 1180 807 1214 834; x_wconf 91' lang='lat' dir='ltr'>In</span> <span class='ocrx_word' id='word_1_323' title='bbox 1239 811 1338 834; x_wconf 87' lang='lat' dir='ltr'>monte</span> <span class='ocrx_word' id='word_1_324' title='bbox 1360 809 1511 841; x_wconf 82' lang='lat' dir='ltr'>assumpto</span> <span class='ocrx_word' id='word_1_325' title='bbox 1532 810 1614 841; x_wconf 86' lang='lat' dir='ltr'>petro</span> <span class='ocrx_word' id='word_1_326' title='bbox 1636 803 1761 832; x_wconf 89' lang='lat' dir='ltr'>iohanne</span> <span class='ocrx_word' id='word_1_327' title='bbox 1781 809 1809 832; x_wconf 89' lang='lat' dir='ltr'>et</span> 
     </span>
     <span class='ocr_line' id='line_1_51' title="bbox 1096 852 1807 889; baseline -0.004 -8"><span class='ocrx_word' id='word_1_328' title='bbox 1096 854 1199 882; x_wconf 91' lang='lat' dir='ltr'>iacobo</span> <span class='ocrx_word' id='word_1_329' title='bbox 1225 856 1280 889; x_wconf 74' lang='lat' dir='ltr'>xps</span> <span class='ocrx_word' id='word_1_330' title='bbox 1303 852 1519 888; x_wconf 81' lang='lat' dir='ltr'>transfiguratur</span> <span class='ocrx_word' id='word_1_331' title='bbox 1541 852 1614 879; x_wconf 89' lang='lat' dir='ltr'>inter</span> <span class='ocrx_word' id='word_1_332' title='bbox 1636 860 1757 887; x_wconf 84' lang='lat' dir='ltr'>moysen</span> <span class='ocrx_word' id='word_1_333' title='bbox 1780 856 1807 879; x_wconf 90' lang='lat' dir='ltr'>et</span> 
     </span>
     <span class='ocr_line' id='line_1_52' title="bbox 1098 901 1218 935; baseline -0.008 -7"><span class='ocrx_word' id='word_1_334' title='bbox 1098 901 1218 935; x_wconf 82' lang='lat' dir='ltr'>helyam.</span> 
     </span>
    </p>
   </div>
   <div class='ocr_carea' id='block_1_7' title="bbox 1057 1271 1808 1358">
    <p class='ocr_par' dir='ltr' id='par_1_18' title="bbox 1057 1271 1808 1358">
     <span class='ocr_line' id='line_1_53' title="bbox 1057 1271 1808 1311; baseline -0.004 -9"><span class='ocrx_word' id='word_1_335' title='bbox 1057 1275 1124 1304; x_wconf 90' lang='lat' dir='ltr'>XV.</span> <span class='ocrx_word' id='word_1_336' title='bbox 1147 1274 1241 1311; x_wconf 87' lang='lat' dir='ltr'>Elegit</span> <span class='ocrx_word' id='word_1_337' title='bbox 1263 1273 1444 1310; x_wconf 85' lang='lat' dir='ltr'>septuaginta</span> <span class='ocrx_word' id='word_1_338' title='bbox 1467 1271 1540 1300; x_wconf 90' lang='lat' dir='ltr'>duos</span> <span class='ocrx_word' id='word_1_339' title='bbox 1562 1281 1636 1309; x_wconf 85' lang='lat' dir='ltr'>quos</span> <span class='ocrx_word' id='word_1_340' title='bbox 1663 1272 1746 1300; x_wconf 86' lang='lat' dir='ltr'>mittit</span> <span class='ocrx_word' id='word_1_341' title='bbox 1772 1271 1808 1300; x_wconf 88' lang='lat' dir='ltr'>ad</span> 
     </span>
     <span class='ocr_line' id='line_1_54' title="bbox 1098 1320 1312 1358; baseline -0.014 -9"><span class='ocrx_word' id='word_1_342' title='bbox 1098 1320 1312 1358; x_wconf 87' lang='lat' dir='ltr'>predicandum.</span> 
     </span>
    </p>
   </div>
   <div class='ocr_carea' id='block_1_8' title="bbox 1061 2020 1811 2153">
    <p class='ocr_par' dir='ltr' id='par_1_19' title="bbox 1061 2020 1811 2153">
     <span class='ocr_line' id='line_1_55' title="bbox 1061 2020 1810 2058; baseline -0.004 -8"><span class='ocrx_word' id='word_1_343' title='bbox 1061 2023 1142 2050; x_wconf 83' lang='lat' dir='ltr'>XVI.</span> <span class='ocrx_word' id='word_1_344' title='bbox 1166 2022 1234 2050; x_wconf 87' lang='lat' dir='ltr'>Post</span> <span class='ocrx_word' id='word_1_345' title='bbox 1253 2023 1412 2051; x_wconf 79' lang='lat' dir='ltr'>orationem</span> <span class='ocrx_word' id='word_1_346' title='bbox 1436 2022 1581 2058; x_wconf 81' lang='lat' dir='ltr'>propriam</span> <span class='ocrx_word' id='word_1_347' title='bbox 1602 2020 1686 2047; x_wconf 87' lang='lat' dir='ltr'>docet</span> <span class='ocrx_word' id='word_1_348' title='bbox 1706 2020 1810 2048; x_wconf 87' lang='lat' dir='ltr'>oratio-</span> 
     </span>
     <span class='ocr_line' id='line_1_56' title="bbox 1102 2068 1811 2106; baseline -0.006 -8"><span class='ocrx_word' id='word_1_349' title='bbox 1102 2079 1169 2098; x_wconf 89' lang='lat' dir='ltr'>nem</span> <span class='ocrx_word' id='word_1_350' title='bbox 1186 2091 1191 2097; x_wconf 87' lang='lat'>.</span> <span class='ocrx_word' id='word_1_351' title='bbox 1207 2075 1234 2097; x_wconf 92' lang='lat' dir='ltr'>et</span> <span class='ocrx_word' id='word_1_352' title='bbox 1256 2070 1421 2106; x_wconf 76' lang='lat' dir='ltr'>parabolam</span> <span class='ocrx_word' id='word_1_353' title='bbox 1444 2069 1524 2105; x_wconf 82' lang='lat' dir='ltr'>ponit</span> <span class='ocrx_word' id='word_1_354' title='bbox 1548 2068 1606 2095; x_wconf 85' lang='lat' dir='ltr'>eius</span> <span class='ocrx_word' id='word_1_355' title='bbox 1625 2068 1673 2104; x_wconf 85' lang='lat' dir='ltr'>qui</span> <span class='ocrx_word' id='word_1_356' title='bbox 1694 2072 1811 2103; x_wconf 89' lang='lat' dir='ltr'>propter</span> 
     </span>
     <span class='ocr_line' id='line_1_57' title="bbox 1101 2114 1809 2153; baseline -0.004 -9"><span class='ocrx_word' id='word_1_357' title='bbox 1101 2117 1208 2145; x_wconf 85' lang='lat' dir='ltr'>tedium</span> <span class='ocrx_word' id='word_1_358' title='bbox 1222 2117 1268 2144; x_wconf 88' lang='lat' dir='ltr'>dat</span> <span class='ocrx_word' id='word_1_359' title='bbox 1281 2117 1435 2153; x_wconf 85' lang='lat' dir='ltr'>postulanti</span> <span class='ocrx_word' id='word_1_360' title='bbox 1453 2124 1558 2152; x_wconf 87' lang='lat' dir='ltr'>panem</span> <span class='ocrx_word' id='word_1_361' title='bbox 1570 2114 1725 2151; x_wconf 82' lang='lat' dir='ltr'>petendum</span> <span class='ocrx_word' id='word_1_362' title='bbox 1739 2122 1809 2141; x_wconf 88' lang='lat' dir='ltr'>esse.</span> 
     </span>
    </p>
   </div>
   <div class='ocr_carea' id='block_1_9' title="bbox 833 2512 1389 2516">
    <p class='ocr_par' dir='ltr' id='par_1_20' title="bbox 833 2512 1389 2516">
     <span class='ocr_line' id='line_1_58' title="bbox 833 2512 1389 2516; baseline 0 0"><span class='ocrx_word' id='word_1_363' title='bbox 833 2512 1389 2516; x_wconf 95' lang='lat' dir='ltr'> </span> 
     </span>
    </p>
   </div>
   <div class='ocr_carea' id='block_1_10' title="bbox 292 2560 997 2655">
    <p class='ocr_par' dir='ltr' id='par_1_21' title="bbox 292 2560 997 2655">
     <span class='ocr_line' id='line_1_59' title="bbox 292 2560 638 2591; baseline -0.003 -7"><span class='ocrx_word' id='word_1_364' title='bbox 292 2560 401 2584; x_wconf 87' lang='lat' dir='ltr'>XXVII.</span> <span class='ocrx_word' id='word_1_365' title='bbox 420 2568 483 2583; x_wconf 75' lang='lat' dir='ltr'>sua:</span> <span class='ocrx_word' id='word_1_366' title='bbox 502 2568 568 2583; x_wconf 76' lang='lat' dir='ltr'>suani</span> <span class='ocrx_word' id='word_1_367' title='bbox 582 2564 638 2591; x_wconf 85' lang='lat' dir='ltr'>m.p.</span> 
     </span>
     <span class='ocr_line' id='line_1_60' title="bbox 293 2593 587 2623; baseline -0.003 -7"><span class='ocrx_word' id='word_1_368' title='bbox 293 2593 389 2616; x_wconf 87' lang='lat' dir='ltr'>XXXI.</span> <span class='ocrx_word' id='word_1_369' title='bbox 407 2593 529 2623; x_wconf 77' lang='lat' dir='ltr'>guandete</span> <span class='ocrx_word' id='word_1_370' title='bbox 540 2593 587 2616; x_wconf 76' lang='lat' dir='ltr'>cod.</span> 
     </span>
     <span class='ocr_line' id='line_1_61' title="bbox 293 2625 997 2655; baseline -0.003 -7"><span class='ocrx_word' id='word_1_371' title='bbox 293 2625 403 2649; x_wconf 82' lang='lat' dir='ltr'>XXXII.</span> <span class='ocrx_word' id='word_1_372' title='bbox 420 2627 542 2652; x_wconf 79' lang='lat' dir='ltr'>peritus:</span> <span class='ocrx_word' id='word_1_373' title='bbox 563 2625 645 2655; x_wconf 70' lang='lat' dir='ltr'>peritis</span> <span class='ocrx_word' id='word_1_374' title='bbox 659 2629 713 2655; x_wconf 62' lang='lat' dir='ltr'>mp.</span> <span class='ocrx_word' id='word_1_375' title='bbox 749 2628 790 2649; x_wconf 81' lang='lat' dir='ltr'>et:</span> <span class='ocrx_word' id='word_1_376' title='bbox 809 2625 890 2648; x_wconf 70' lang='lat' dir='ltr'>nolui!</span> <span class='ocrx_word' id='word_1_377' title='bbox 902 2625 939 2648; x_wconf 83' lang='lat' dir='ltr'>cui</span> <span class='ocrx_word' id='word_1_378' title='bbox 952 2632 997 2647; x_wconf 65' lang='lat' dir='ltr'>rar.</span> 
     </span>
    </p>
   </div>
   <div class='ocr_carea' id='block_1_11' title="bbox 1026 329 1039 2654">
    <p class='ocr_par' dir='ltr' id='par_1_22' title="bbox 1026 329 1039 2654">
     <span class='ocr_line' id='line_1_62' title="bbox 1026 329 1039 2654; baseline 0 0"><span class='ocrx_word' id='word_1_379' title='bbox 1026 329 1039 2654; x_wconf 95' lang='lat' dir='ltr'> </span> 
     </span>
    </p>
   </div>
  </div>
 </body>
</html>
