2209 3147
693 260 917 288 CAPITULA
945 260 1052 288 ALIA
1082 260 1137 288 IN
1156 260 1371 290 MARCUM.

549 352 610 374 Par.
625 352 681 375 Lat.
694 351 725 374 6⁴.

259 398 325 426 VII.
348 398 488 435 Discipuli
524 399 644 426 sabbato
681 399 823 426 uellebant
857 399 950 434 spicas
979 404 1006 426 et

297 445 519 473 manducabant.

255 631 338 659 VIII.
362 631 396 659 In
422 632 560 669 sinagoga
588 641 707 659 manum
739 631 862 660 hominis
891 632 1000 660 aridam

296 684 377 706 sanat
390 700 396 706 .
408 683 434 706 et
445 678 569 715 discipuli
586 679 614 706 in
630 678 763 706 nauicula
778 679 803 706 ei
820 679 1001 706 deseruiunt.

294 730 320 753 et
336 725 439 753 multos
454 730 544 753 sanat.

251 959 351 987 VIIII.
374 959 540 998 Discipulos
555 960 725 988 nominatim
744 965 828 989 uocat
844 983 849 988 .
865 966 891 988 et
906 961 1000 997 phari-

291 1007 332 1035 sei
348 1007 382 1035 de
397 1016 432 1035 eo
448 1008 547 1036 dicunt
564 1029 569 1034 .
585 1007 762 1036 behelzebub
777 1009 852 1036 abet.

249 1148 285 1176 X.
308 1148 405 1177 Omne
423 1158 544 1185 regnum
560 1149 682 1177 diuisum
703 1158 762 1177 non
786 1150 869 1177 stabit
886 1172 891 1177 .
907 1155 934 1178 et
949 1150 998 1187 qui

290 1195 532 1233 blasphemauerit
559 1196 588 1223 in
618 1197 718 1233 spiritu
747 1202 846 1224 sancto
871 1218 877 1224 .
903 1202 931 1225 et
960 1197 997 1224 hii

289 1248 355 1271 sunt
379 1243 480 1271 fratres
505 1243 561 1271 mei
586 1265 592 1270 .
616 1244 664 1280 qui
690 1243 866 1280 uoluptatem
890 1243 997 1272 faciunt

288 1289 384 1326 patris.

248 1477 299 1506 XI.
322 1477 399 1506 Ecce
420 1478 487 1505 exiit
508 1478 653 1506 seminans
673 1478 709 1506 ad
728 1479 929 1507 seminandum
945 1501 951 1507 .
967 1485 995 1507 et

287 1524 396 1561 reliqua
412 1546 417 1552 .
433 1529 461 1553 et
475 1524 543 1552 nihil
559 1530 599 1552 est
619 1525 817 1553 absconditum
835 1526 913 1563 quod
935 1535 995 1554 non

287 1571 491 1599 manifestetur.

246 1617 314 1645 XII.
339 1618 373 1645 In
396 1627 452 1655 qua
473 1627 608 1646 mensura
630 1620 721 1647 mensi
743 1618 850 1647 fueritis
871 1641 876 1646 .
897 1624 925 1647 et
946 1620 995 1656 qui

287 1665 353 1692 abet
368 1665 481 1692 dabitur
496 1665 521 1692 ei
546 1686 551 1692 .
569 1670 596 1693 et
611 1665 856 1702 quemadmodum
874 1667 896 1694 si
912 1666 995 1694 iaciat

286 1711 375 1739 homo
391 1717 551 1740 sementem
572 1733 577 1739 .
594 1718 620 1740 et
636 1712 703 1740 dum
718 1713 822 1740 dormit
837 1713 994 1749 germinet.

287 1763 314 1786 et
330 1758 365 1787 de
380 1768 471 1796 grano
487 1759 593 1795 sinapis
609 1760 638 1787 in
653 1765 725 1787 terra
741 1765 810 1788 sato.

246 2046 330 2074 XIII.
365 2046 519 2075 Dormiens
546 2048 574 2075 in
598 2047 731 2075 nauicula
755 2047 797 2075 ihs
821 2047 896 2076 facta
922 2052 992 2075 tem-

284 2099 393 2131 pestate
418 2095 579 2123 excitatur.
597 2100 625 2123 et
648 2095 794 2131 conpescit
820 2100 939 2122 uentum
965 2099 992 2122 et

282 2150 370 2169 mare.

245 2186 344 2215 XIIII.
373 2188 408 2216 In
431 2188 547 2224 regione
573 2196 778 2225 gerasenorum
802 2187 949 2215 hominem
975 2196 992 2214 a

283 2234 397 2271 legione
413 2234 587 2263 daemonum
603 2235 731 2262 mundat.

245 2327 311 2355 XV.
337 2327 489 2357 Mulierem
504 2338 521 2357 a
539 2329 662 2366 profluio
678 2328 826 2366 sanguinis
842 2332 925 2356 sanat
942 2350 947 2355 .
964 2332 992 2355 et

285 2375 371 2403 filiam
387 2376 525 2412 principis
540 2376 693 2404 resuscitat.

243 2515 325 2543 XVI.
348 2515 454 2543 Nonne
475 2516 526 2543 iste
547 2520 589 2543 est
607 2516 679 2543 filius
700 2515 788 2543 marie
806 2538 810 2543 .
827 2519 855 2543 et
874 2523 933 2542 non
949 2519 992 2543 est

285 2562 424 2599 propheta
440 2568 574 2599 acceptus
589 2563 618 2589 in
633 2563 724 2599 patria
736 2572 795 2591 sua.

274 2647 343 2670 XVI.
362 2651 403 2670 est
417 2651 457 2678 pr.
472 2651 524 2677 suj'.
539 2647 584 2671 lin.
599 2656 643 2671 scr.

1747 262 1807 302 693

1333 353 1394 375 Par.
1408 353 1464 376 Lat.
1481 358 1534 383 277-

1058 399 1110 426 XI.
1154 399 1212 427 Ubi
1242 400 1391 437 respondit
1421 400 1558 437 phariseis
1588 402 1709 429 comotis
1741 402 1808 438 quia

1100 445 1231 483 discipuli
1247 446 1307 474 eius
1330 447 1451 475 sabbato
1467 448 1559 484 spicas
1580 448 1724 476 uellebant
1739 449 1808 485 quid

1098 492 1196 520 fecerit
1222 493 1309 521 dauid
1336 494 1370 521 de
1399 495 1523 530 panibus
1552 495 1756 532 propositionis
1780 501 1807 523 et

1099 539 1177 576 quod
1214 539 1286 568 filius
1315 540 1440 568 hominis
1477 541 1611 569 dominus
1640 547 1682 569 est
1718 542 1807 578 ipsius

1096 586 1216 614 sabbati.

1056 632 1124 660 XII.
1157 633 1214 661 Ubi
1241 634 1353 662 aridam
1380 643 1498 662 manum
1534 635 1658 663 hominis
1687 636 1807 663 sabbato

1097 681 1217 710 sanauit.

1055 727 1137 755 XIII.
1161 727 1219 755 Ubi
1236 737 1303 756 cum
1320 728 1465 766 discipulis
1484 729 1541 757 suis
1557 734 1584 757 et
1602 729 1697 757 multis
1717 729 1807 757 turbis

1095 775 1213 802 secessit
1243 775 1279 803 ad
1309 784 1388 803 mare
1423 781 1450 804 et
1482 776 1518 804 ad
1555 776 1720 804 nauiculam
1753 775 1807 804 sibi

1095 827 1194 857 presto
1221 831 1283 850 esse
1310 823 1390 850 iussit
1419 832 1456 851 ne
1481 828 1658 860 premeretur
1680 832 1696 850 a
1719 823 1807 851 turbis

1094 877 1195 896 eorum
1209 878 1283 906 quos
1300 870 1416 898 curabat
1433 875 1460 898 et
1476 870 1647 907 corripiebat
1663 880 1699 899 ne
1715 870 1806 898 mani-

1093 915 1229 944 festarent
1244 925 1317 944 eum.

1054 961 1154 991 XIIII.
1177 963 1235 991 Ubi
1264 964 1392 992 ascendit
1417 965 1445 992 in
1472 970 1601 993 montem
1631 970 1659 993 et
1684 964 1747 993 fecit
1777 970 1808 992 ut

1093 1015 1190 1038 essent
1212 1020 1311 1039 secum
1333 1012 1485 1039 duodecim
1510 1012 1641 1049 discipuli
1660 1016 1691 1039 ut
1711 1016 1807 1049 potes-

1093 1061 1179 1085 tatem
1196 1057 1249 1085 illis
1267 1058 1345 1085 daret
1367 1059 1513 1096 predicare
1534 1059 1756 1096 aeuuangelium
1777 1064 1805 1087 et

1093 1112 1191 1132 curare
1204 1109 1231 1132 et
1243 1105 1383 1133 mundare
1422 1106 1540 1134 nomina
1552 1115 1651 1133 eorum
1663 1106 1804 1134 dicuntur.

1051 1150 1115 1179 XV.
1140 1151 1197 1179 Ubi
1220 1152 1353 1179 dixerunt
1374 1152 1498 1189 pharisei
1522 1153 1600 1190 quod
1622 1154 1651 1180 in
1674 1152 1803 1190 principe

1092 1197 1292 1226 demoniorum
1317 1199 1472 1236 expelleret
1495 1199 1684 1227 demonium.
1703 1200 1741 1227 ibi
1763 1199 1804 1227 eis

1091 1246 1239 1282 respondit
1264 1246 1299 1274 de
1326 1255 1416 1282 regno
1447 1246 1584 1274 sathanae
1613 1252 1640 1274 et
1669 1246 1704 1274 de
1728 1246 1803 1274 blas-

1093 1291 1210 1328 phemia
1240 1293 1267 1320 in
1297 1293 1428 1330 spiritum
1458 1298 1589 1321 sanctum
1612 1315 1617 1320 .
1640 1302 1713 1330 quae
1743 1301 1803 1320 non

1090 1339 1254 1367 dimittetur.

1050 1385 1130 1413 XVI.
1157 1386 1214 1414 Ubi
1238 1392 1330 1414 mater
1353 1387 1413 1414 eius
1435 1392 1463 1414 et
1485 1386 1583 1414 fratres
1606 1386 1672 1414 soris
1695 1390 1802 1414 stantes

1090 1434 1219 1462 nunciati
1236 1440 1300 1462 sunt
1316 1434 1349 1461 ei.

1050 1480 1147 1508 XVII.
1182 1481 1239 1509 Ubi
1263 1481 1386 1509 docebat
1410 1481 1506 1508 turbas
1529 1481 1557 1508 in
1581 1480 1672 1508 littore
1695 1486 1802 1508 stantes

1091 1537 1159 1556 cum
1175 1529 1235 1565 ipse
1260 1528 1372 1556 sederet
1393 1528 1420 1555 in
1438 1529 1503 1555 naui
1525 1528 1572 1555 ubi
1589 1528 1659 1555 dixit
1674 1527 1802 1555 similitu-

1092 1575 1189 1604 dinem
1211 1575 1246 1603 de
1271 1576 1378 1603 semine
1402 1575 1478 1612 quod
1502 1574 1575 1602 cadit
1598 1575 1627 1602 in
1653 1575 1699 1602 uia
1722 1582 1749 1602 et
1772 1575 1802 1602 in

1091 1628 1207 1660 petrosa
1223 1645 1228 1650 .
1245 1628 1272 1650 et
1288 1623 1359 1650 inter
1376 1623 1472 1659 spinas
1488 1627 1513 1650 et
1529 1622 1558 1649 in
1574 1628 1677 1649 terram
1692 1622 1801 1650 bonam

1090 1675 1117 1698 et
1140 1670 1273 1706 exposuit
1296 1669 1373 1697 illam
1397 1669 1463 1697 solis
1486 1669 1632 1705 discipulis
1654 1669 1711 1696 suis
1734 1691 1739 1697 .
1762 1668 1801 1696 ibi

1090 1717 1202 1745 locutus
1226 1721 1268 1744 est
1295 1716 1492 1744 similitudines
1516 1716 1551 1743 de
1581 1715 1697 1743 lucerna
1726 1724 1800 1752 quae

1089 1773 1174 1801 super
1195 1763 1400 1791 candelabrum
1424 1763 1538 1800 ponitur
1560 1767 1586 1790 et
1607 1762 1642 1790 de
1664 1771 1800 1790 mensura

1090 1813 1118 1838 in
1136 1820 1192 1848 qua
1215 1811 1321 1838 mensis
1343 1810 1504 1838 remetietur
1521 1832 1525 1836 .
1542 1814 1568 1837 et
1584 1809 1620 1836 de
1641 1809 1800 1836 seminante

1090 1859 1137 1895 qui
1154 1858 1244 1886 nescit
1260 1857 1409 1894 quomodo
1426 1861 1535 1884 crescat
1552 1855 1629 1892 quod
1647 1855 1799 1883 seminauit

1089 1914 1181 1942 usque
1198 1905 1234 1932 ad
1255 1909 1369 1941 tempus
1389 1904 1490 1931 messis
1506 1908 1533 1930 et
1555 1903 1589 1930 (le
1610 1911 1700 1939 grano
1716 1911 1799 1938 syna-

1090 1953 1134 1989 pis
1150 1952 1228 1989 quod
1244 1952 1418 1979 seminatum
1436 1950 1534 1978 crescit
1550 1955 1579 1977 ut
1595 1954 1687 1977 cetera
1702 1948 1799 1976 holera

1087 2004 1222 2027 transeat.

1047 2047 1160 2075 XVIII.
1177 2046 1235 2074 Ubi
1251 2051 1339 2074 uento
1351 2045 1501 2081 imperauit
1518 2048 1547 2071 ut
1558 2043 1714 2080 quiesceret
1730 2051 1796 2070 cum

1087 2094 1268 2122 turbarentur
1283 2093 1310 2120 in
1326 2101 1412 2119 mare.

1047 2188 1129 2216 XIX.
1152 2187 1211 2215 Ubi
1227 2186 1302 2214 misit
1318 2186 1454 2214 demonia
1469 2185 1498 2212 in
1513 2193 1617 2222 porcos
1633 2189 1660 2212 et
1675 2183 1755 2212 iussit
1771 2183 1795 2211 ei

1087 2243 1174 2272 quem
1197 2234 1389 2261 mundauerat
1411 2238 1441 2260 ut
1465 2232 1613 2260 nunciaret
1632 2231 1688 2259 suis
1708 2231 1796 2259 bene-

1086 2282 1150 2309 ficia
1166 2281 1219 2308 dei.

1046 2328 1111 2356 XX.
1134 2328 1192 2356 Ubi
1208 2332 1307 2355 sanata
1322 2332 1365 2354 est
1385 2326 1487 2354 mulier
1502 2331 1624 2363 tangens
1639 2325 1795 2353 uestimen-

1088 2381 1149 2403 tum
1171 2375 1231 2403 eius
1254 2383 1320 2402 cum
1343 2374 1394 2402 iret
1416 2373 1451 2401 ad
1475 2373 1561 2400 filiam
1585 2371 1796 2408 archisinagogi

1086 2431 1173 2459 quam
1200 2426 1341 2450 mortuam
1365 2421 1394 2448 in
1420 2420 1508 2448 domo
1532 2420 1592 2447 eius
1617 2418 1795 2446 resuscitauit

1085 2478 1151 2497 cum
1169 2469 1237 2497 dixit
1258 2467 1444 2496 thabitacumi
1462 2467 1517 2494 hoc
1535 2472 1576 2494 est
1593 2466 1686 2502 puella
1702 2474 1794 2502 surge.

1045 2516 1125 2544 XXI.
1149 2515 1207 2543 Ubi
1227 2515 1255 2543 in
1276 2515 1367 2552 patria
1385 2523 1437 2542 sua
1452 2514 1522 2542 dixit
1542 2512 1713 2550 prophetam
1732 2512 1792 2540 sine

1083 2563 1192 2591 honore
1208 2572 1278 2591 esse.
