2209 3147
577 240 845 269 PRAEFATIO
872 239 958 268 UEL
983 239 1321 269 ARGUMENTNM
1342 241 1407 268 MA
1419 241 1569 271 TTHEJ.
1729 250 1788 284 273

385 652 707 689 PRAEFATIO
746 651 1007 687 MATTHEI
1048 651 1080 686 E
1120 650 1241 686 COD.
1281 651 1613 688 KENANENSI
1636 652 1715 701 (Q).

357 770 421 794 Cum
439 778 518 794 mense
537 770 613 793 Iunio
630 770 697 793 anni
714 775 845 793 MDCCCXC
862 769 1018 792 Dublinium
1036 768 1207 798 uisitarenms,
1223 772 1245 792 et
1258 770 1391 800 praecz'pzce
1407 770 1495 793 codic-es
1512 770 1619 794 Bz'hlz'cos
1630 770 1795 794 Bibliothecae

456 809 559 840 Collegiz'
568 810 594 832 S.
612 809 750 832 vinitatis
757 808 862 839 propius
874 811 1052 837 scrutaremur,
1064 808 1160 838 experti
1170 816 1257 831 sumus
1268 808 1384 831 editorem
1396 809 1483 832 cozlz'cz's
1495 809 1654 832 Kcmznensz's
1668 809 1713 839 (Q)
1721 813 1794 840 prae-

445 848 558 878 fationes
577 848 763 878 euangeliormn
776 847 979 878 praelermz'sz'sse.
1026 847 1179 870 Addidz'mus
1197 854 1251 877 ergo
1263 847 1454 877 praefationum
1477 847 1583 870 z'slarnm
1604 848 1745 871 collationes
1766 849 1794 871 in

444 886 568 917 fasciculo
586 890 668 909 nostro
685 886 787 909 secundo
806 889 829 909 et
840 886 1002 916 sequentihus,
1018 885 1061 908 sed
1075 886 1234 916 euangelz'mn
1247 886 1359 908 llfiztflzez‘
1376 887 1426 908 iam
1435 886 1533 916 publici
1549 886 1722 917 inrisfactum
1733 891 1795 910 erat.

453 926 541 956 ltaque
554 933 630 952 nunc,
642 925 763 948 occasione
773 925 839 953 dala,
853 928 875 947 et
888 932 917 947 ne
925 924 982 947 llaec
988 924 1086 955 pagina
1098 932 1179 947 uacua
1192 928 1308 953 maneret,
1314 925 1497 956 praefationem
1510 925 1574 948 hanc
1586 926 1650 956 lypis
1662 925 1794 948 mandans<

453 972 516 988 mus.
552 964 677 988 Lectiones
695 964 782 987 multis
794 964 822 987 z'n
834 964 891 986 locis
903 971 958 986 cum
972 963 1026 986 DEP
1038 963 1191 992 concordant,
1206 971 1265 994 quos
1282 964 1369 987 codices
1377 967 1441 994 prae
1458 964 1518 986 aliis
1531 964 1559 986 in
1572 964 1617 987 lzar
1630 972 1663 992 νε,
1677 965 1796 995 quamuis

454 1003 573 1026 momenti
583 1003 696 1031 minoris,
709 1002 786 1025 secuti
797 1010 890 1025 summ.

292 1182 486 1226 [INCIPIT
510 1184 862 1216 ARGUMENTUM
890 1183 1162 1215 EUANGELII
1196 1183 1466 1215 SECUNDUM
1500 1185 1794 1217 MATTHEUM.

378 1293 592 1324 MATTHEUS
606 1304 648 1323 ex
666 1294 791 1324 iudaeis
808 1293 890 1324 sicut
907 1293 1032 1333 primus
1048 1293 1182 1332 ponitur
1195 1293 1226 1322 in
1243 1293 1358 1324 ordine
1375 1294 1420 1324 ita
1437 1294 1643 1334 euangelium
1662 1295 1693 1325 in
1708 1295 1796 1326 iudia

289 1344 414 1385 primus
433 1345 563 1385 scripsit
582 1346 674 1376 cuius
696 1346 827 1376 uocatio
847 1346 888 1375 ad
908 1345 1079 1375 dominum
1100 1356 1143 1375 ex
1162 1345 1343 1385 puplicanis
1367 1346 1495 1376 actibus
1519 1346 1579 1377 fuit
1601 1348 1741 1377 duorum
1764 1348 1796 1377 in

289 1395 498 1434 generatione
520 1395 630 1425 christi
652 1395 811 1435 principia
829 1405 1041 1434 praesumens
1066 1395 1160 1424 unius
1179 1396 1269 1425 cuius
1292 1395 1398 1435 prima
1420 1396 1624 1427 circumcisio
1645 1397 1676 1427 in
1701 1407 1796 1428 carne

289 1446 422 1477 alterius
439 1447 529 1477 cuius
542 1448 721 1477 secundum
739 1457 794 1477 cor
807 1446 924 1477 electio
940 1447 999 1477 fuit
1017 1451 1050 1477 et
1066 1457 1109 1476 ex
1124 1447 1269 1486 utrisque
1286 1447 1318 1476 in
1336 1448 1484 1487 patribus
1498 1448 1645 1479 christus.
1673 1448 1795 1489 Sicque

289 1503 448 1538 quaterno
465 1499 599 1529 denario
616 1509 754 1529 numero
767 1499 954 1529 triformiter
970 1499 1080 1538 posito
1097 1499 1293 1538 principium
1310 1510 1328 1529 a
1343 1500 1495 1530 credendi
1514 1500 1578 1530 fide
1595 1500 1627 1530 in
1645 1500 1795 1532 lectionis

288 1555 419 1590 tempus
448 1551 617 1591 porrigens
641 1555 673 1580 et
702 1561 745 1581 ex
774 1550 935 1581 electione
963 1551 994 1580 in
1025 1551 1322 1590 transmigrationis
1354 1552 1442 1581 diem
1470 1551 1612 1591 dirigens
1640 1553 1750 1592 adque
1776 1564 1796 1584 a

289 1602 577 1642 transmigratione
595 1613 698 1642 usque
718 1603 749 1632 in
766 1602 924 1633 christum
946 1602 1110 1633 desiniens
1132 1603 1303 1633 decursam
1327 1604 1490 1633 aduentus
1507 1604 1632 1634 domini
1650 1606 1795 1636 ostendit

288 1655 536 1693 generationem
557 1660 593 1685 ut
610 1659 642 1685 et
663 1664 799 1684 numero
817 1655 1020 1685 satisfaciens
1036 1659 1068 1684 et
1085 1655 1226 1694 tempori
1246 1659 1279 1685 et
1296 1665 1331 1685 se
1347 1655 1437 1694 quod
1454 1661 1539 1686 esset
1556 1657 1744 1688 ostenderet
1762 1663 1794 1688 et

289 1705 339 1735 dei
358 1706 389 1735 in
406 1716 440 1736 se
457 1716 540 1746 opus
556 1706 785 1737 demonstrans
803 1707 902 1737 etiam
921 1707 953 1736 in
969 1706 1019 1736 his
1036 1716 1177 1745 quorum
1199 1717 1303 1747 genus
1321 1707 1446 1746 possuit
1464 1707 1575 1738 christi
1592 1709 1758 1748 operantis
1775 1721 1794 1740 a

288 1757 448 1797 principio
483 1758 711 1788 testimonium
744 1768 807 1788 non
842 1763 983 1798 negaret.
1046 1757 1194 1797 Quarum
1227 1759 1374 1789 omnium
1407 1769 1512 1789 rerum
1548 1764 1680 1800 tempus
1711 1762 1794 1792 ordo

289 1819 443 1839 numerus
455 1809 625 1848 dispositio
639 1809 690 1840 uel
707 1810 791 1840 ratio
807 1811 896 1849 quod
914 1809 990 1840 fidei
1005 1810 1222 1840 necessarium
1237 1815 1285 1840 est
1299 1810 1379 1840 deus
1396 1810 1534 1841 christus
1551 1816 1600 1842 est
1617 1813 1671 1852 qui
1688 1812 1794 1844 factus

288 1865 338 1891 est
355 1870 397 1890 ex
414 1860 550 1891 muliere
566 1861 671 1891 factus
688 1862 747 1891 sub
764 1861 837 1901 lege
853 1866 949 1892 natus
966 1872 1008 1892 ex
1025 1862 1151 1901 uirgine
1166 1866 1258 1901 pasus
1276 1862 1307 1891 in
1325 1872 1420 1893 carne
1436 1863 1547 1893 omnia
1563 1863 1595 1893 in
1608 1874 1703 1895 cruce
1719 1864 1793 1895 fixit

289 1912 521 1943 ututriumfans
540 1923 578 1943 ea
596 1913 627 1943 in
644 1914 822 1954 semetipso
836 1924 1005 1953 resurgens
1024 1914 1054 1943 in
1068 1924 1205 1953 corpore
1222 1919 1253 1944 et
1267 1914 1368 1953 patris
1384 1925 1503 1945 nomen
1518 1915 1548 1945 in
1565 1917 1713 1955 patribus
1726 1916 1793 1947 filio

289 1969 321 1994 et
335 1964 391 1994 filii
409 1974 529 1994 nomen
547 1965 631 2004 patri
650 1966 870 1996 restituereret
889 1966 919 1995 in
938 1966 1009 1995 filiis
1026 1966 1095 1996 sine
1113 1966 1271 2005 principio
1288 1967 1357 1996 sine
1369 1966 1433 1996 fine
1450 1967 1624 1998 ostendens
1642 1979 1741 1998 unum
1759 1979 1794 1999 se

289 2026 362 2046 cum
383 2021 475 2056 patre
491 2022 576 2047 esset
592 2017 669 2056 quia
686 2027 768 2047 unus
785 2023 843 2047 est.
894 2018 931 2047 In
949 2028 1014 2057 quo
1033 2018 1203 2058 euangelio
1221 2022 1255 2048 ut
1277 2018 1330 2048 ille
1346 2023 1395 2048 est
1413 2019 1676 2050 desiderantibus
1693 2021 1790 2051 deum

288 2068 333 2098 sic
355 2068 461 2107 prima
483 2068 534 2098 uel
555 2069 663 2099 media
688 2068 739 2099 uel
765 2069 907 2109 perfecta
930 2080 1127 2109 cognoscere
1150 2075 1184 2100 ut
1203 2075 1236 2100 et
1259 2070 1465 2101 uocationem
1484 2072 1626 2111 apostoli
1652 2077 1684 2102 et
1708 2083 1791 2113 opus

289 2119 449 2160 euangelii
474 2124 505 2149 et
525 2120 732 2151 dilectionem
754 2122 807 2151 dei
825 2122 856 2152 in
880 2131 976 2152 carne
993 2122 1155 2152 nascentis
1176 2132 1233 2161 per
1253 2122 1406 2153 uniuersa
1431 2123 1579 2163 legentes
1600 2124 1790 2165 intellegant

289 2172 398 2210 adque
415 2171 447 2201 id
464 2171 495 2200 in
513 2181 552 2201 eo
570 2171 601 2201 in
618 2182 684 2212 quo
700 2173 916 2213 adpraehensi
934 2179 1009 2204 sunt
1026 2179 1057 2204 et
1075 2174 1342 2213 adpraehendere
1364 2180 1526 2214 expetunt
1543 2181 1789 2216 recognoscant.

291 2223 397 2254 Nobis
416 2223 503 2253 enim
525 2223 588 2254 hoc
610 2224 641 2254 in
659 2225 768 2255 studio
791 2226 976 2265 argumenti
993 2226 1053 2256 suit
1071 2231 1103 2256 et
1125 2225 1222 2256 fidem
1239 2226 1344 2256 factae
1364 2227 1407 2257 rei
1430 2227 1557 2257 tradere
1576 2232 1607 2257 et
1624 2229 1790 2268 operantis

289 2276 341 2306 dei
358 2274 611 2315 intellegendam
628 2286 697 2306 esse
714 2276 888 2317 diligenter
904 2278 1152 2318 dispositionem
1169 2278 1399 2317 quaerentibus
1417 2289 1480 2309 non
1497 2284 1613 2310 tacere.

378 2327 464 2357 Finit
482 2332 712 2366 argumentum
729 2328 888 2368 euangelii
905 2330 1081 2360 secundum
1100 2327 1308 2371 mattheum]
