2209 3147
370 251 434 282 390
725 241 758 269 E
760 241 813 269 UA
818 241 971 270 NGELI
973 241 1046 270 [JM
1065 241 1090 270 S
1091 241 1123 269 E
1125 241 1151 271 C
1156 241 1251 270 UND
1257 241 1327 269 UM
1347 241 1374 268 L
1382 240 1463 270 UCA
1470 240 1518 271 M.
1720 237 1758 282 [Χ
1762 247 1781 270 1.
1791 252 1892 278 33—39.

379 331 414 356 ut
431 327 487 366 qui
504 326 729 365 ingrediuntur
1189 335 1253 356 non
1272 325 1398 356 habens
1414 325 1559 365 aliquam
1576 330 1705 365 partem

424 378 533 408 lumen
550 378 692 408 uideant.
1122 415 1124 418 .
1232 378 1440 407 tenebrarum

341 433 368 452 34
380 429 436 453 (134·
451 431 472 453 ⁵>
490 430 638 460 Lucerna
654 430 800 469 corporis
815 429 864 459 tui
1233 429 1294 459 erit
1310 429 1455 459 lucidum
1472 434 1581 459 toturn

423 487 472 512 est
488 482 600 512 oculus
616 487 693 511 tuus
1122 468 1125 499 !
1190 486 1223 511 et
1238 481 1322 511 sicut
1338 481 1468 511 lucerna
1483 481 1618 521 fulgoris

378 534 405 564 si
422 534 536 564 oculus
552 539 628 564 tuus
645 533 741 563 suerit
757 533 900 574 simplex
1123 529 1125 550 ⁴¹
1233 533 1442 563 inluminabit
1458 538 1501 563 te.

423 591 531 616 totum
547 596 665 625 corpus
682 590 776 616 tuum
1153 583 1281 608 3ῖ(135·5)
1298 584 1344 615 Et
1361 595 1436 615 curn
1453 585 1642 623 loqueretur

423 638 567 669 lucidum
584 638 645 668 erit
1189 637 1318 677 rogauit
1349 636 1442 666 illurn
1469 636 1606 675 quidam
1636 636 1828 676 pharisaeus
1855 640 1890 665 ut

384 690 411 720 si
428 696 538 720 autern
556 700 702 729 nequam
719 689 817 720 suerit
1233 689 1406 729 pranderet
1423 688 1512 728 apud
1528 698 1564 718 se

423 742 522 772 etiarn
539 752 657 782 corpus
672 747 765 772 tuum
1124 745 1125 756 ¹
1189 746 1222 771 et
1238 741 1403 780 ingressus
1420 739 1567 770 recubuit

422 794 634 824 tenebrosum
650 794 712 824 erit
1153 794 1178 812 33
1189 793 1380 832 pharisaeus
1395 797 1507 822 autern
1524 792 1633 831 coepit

342 857 368 875 a]
379 846 455 875 uide
471 855 551 885 ergo
566 856 606 875 ne
622 846 733 876 lumen
749 845 839 885 quod
1234 845 1319 874 intra
1337 854 1372 874 se
1387 848 1543 883 reputans
1560 843 1669 874 dicere

424 899 456 928 in
471 903 506 928 te
525 903 574 929 est
589 899 745 929 tenebrae
760 898 825 928 sint
1189 906 1291 936 quare
1307 906 1371 926 non
1388 895 1575 935 baptizatus
1591 901 1676 925 esset

341 958 368 976 26
379 950 405 980 si
422 961 500 990 ergo
520 960 637 990 corpus
657 955 749 980 tuum
767 954 875 980 totum
1232 953 1309 978 ante
1324 947 1498 988 prandium

423 1002 567 1032 lucidum
583 1002 679 1032 fuerit
1152 1000 1177 1018 ³⁹
1188 1005 1222 1030 et
1238 1000 1285 1030 ait
1301 999 1454 1030 dominus
1473 999 1514 1029 ad
1534 998 1626 1029 illum

379 1086 400 1100 ³⁴
411 1085 529 1113 lucerna
548 1085 680 1122 corporis
698 1085 738 1112 tui
756 1090 800 1112 est
818 1083 920 1111 oculus
941 1088 1015 1111 tuus.
1059 1083 1083 1111 si
1104 1083 1207 1111 oculus
1229 1088 1294 1110 tuus
1312 1081 1395 1109 fuerit
1410 1080 1542 1117 simplex.
1577 1085 1671 1108 totum
1686 1088 1793 1118 corpus
1807 1085 1889 1107 tuum

379 1132 505 1160 lucidum
520 1133 581 1160 erit.
625 1132 648 1159 si
662 1136 758 1159 autem
774 1139 901 1167 nequam
916 1129 1000 1157 fuerit
1015 1135 1109 1158 totum
1125 1138 1231 1166 corpus
1245 1135 1327 1156 tuum
1342 1128 1529 1156 tenebrosum
1544 1127 1605 1155 en‘t.
1640 1127 1663 1143 ³⁵
1672 1127 1738 1155 uide
1759 1135 1830 1164 ergo
1852 1135 1890 1154 ne

379 1180 477 1207 lumen
489 1179 569 1216 quod
583 1179 613 1206 in
624 1185 651 1206 te
663 1184 707 1206 est
718 1178 854 1205 tenebrae
869 1177 933 1204 sint.
961 1176 983 1192 ³⁶
993 1177 1016 1204 si
1031 1185 1102 1214 ergo
1117 1185 1226 1214 corpus
1239 1181 1321 1204 tuum
1336 1180 1429 1203 totum
1444 1173 1572 1202 lucidum
1587 1174 1678 1202 fuerit.
1707 1183 1767 1203 non
1779 1173 1890 1201 habens

379 1233 490 1264 partem
505 1227 631 1263 aliquam
647 1225 832 1254 tenebrarum
847 1224 900 1252 erit
914 1223 1043 1252 lucidum
1058 1229 1159 1252 totum.
1195 1228 1224 1251 et
1239 1223 1311 1251 sicut
1325 1223 1443 1250 lucerna
1457 1222 1578 1260 fulgoris
1595 1221 1778 1249 inluminabit
1792 1226 1829 1249 te.
1866 1220 1890 1248 si

379 1275 457 1302 enim
469 1283 575 1310 corpus
590 1273 670 1310 quod
687 1273 717 1300 in
732 1278 759 1300 te
771 1278 815 1299 est
828 1271 977 1300 lucernam
989 1280 1049 1299 non
1061 1271 1190 1299 habuerit
1201 1270 1347 1299 lucentem
1358 1270 1408 1297 tibi
1425 1271 1579 1298 tenebrosa
1591 1274 1642 1297 est.
1671 1274 1781 1306 quanto
1795 1268 1890 1305 magis

379 1328 475 1349 autem
495 1321 611 1348 lucerna
636 1326 685 1347 tua
706 1319 819 1356 fulgens
840 1318 945 1346 lucebit
967 1318 1025 1346 tibi.
1061 1318 1120 1346 ³⁷et
1141 1327 1209 1346 cum
1230 1317 1302 1345 haec
1324 1317 1499 1354 loqueretur.
1536 1316 1648 1353 rogauit
1671 1324 1739 1343 eum
1768 1314 1889 1353 quidam

378 1369 553 1406 pharisaeus.
595 1373 627 1395 ut
648 1367 801 1404 pranderet
821 1371 892 1402 aput
912 1374 989 1393 eum.
1031 1370 1059 1393 et
1080 1365 1228 1402 ingressus
1250 1364 1400 1392 discubuit.
1445 1363 1643 1400 &pharisaeus
1665 1369 1763 1390 autem
1784 1362 1888 1390 uidens

378 1415 536 1444 admiratus
551 1420 602 1442 est.
637 1423 673 1442 eo
689 1413 769 1451 quod
785 1422 845 1441 non
860 1413 938 1449 prius
953 1412 1116 1449 baptizatus
1130 1416 1182 1440 est.
1216 1411 1385 1448 priusquam
1399 1410 1598 1438 manducaret.
1629 1409 1650 1425 ³⁹
1659 1416 1687 1438 et
1701 1410 1739 1438 ait
1754 1409 1889 1438 dominus

379 1499 436 1522 loco
458 1498 604 1522 abscondito
625 1497 645 1520 F
669 1496 720 1527 (sed
732 1496 824 1528 fhrsan
846 1504 877 1519 cx
894 1495 1006 1519 Matthco
1026 1496 1080 1524 cst).

382 1542 409 1564 >
427 1546 485 1569 pon.
506 1538 551 1560 sub
568 1537 689 1560 absconso
707 1543 726 1559 e.
760 1543 862 1563 supra:
889 1542 962 1566 super
980 1534 1081 1558 PTW

380 1577 463 1600 Bentl.
481 1584 496 1599 a
513 1576 531 1599 d
545 1584 557 1599 e
574 1584 589 1607 q
607 1577 626 1598 δ.
661 1574 767 1599 candell.
787 1575 823 1603 ΞΡ,
842 1574 1017 1598 oendelabrfim
1038 1573 1064 1596 K
1074 1581 1081 1601 ;

386 1624 404 1639 -r-
419 1620 443 1639 et
464 1616 495 1639 D.
530 1616 580 1643 qui
600 1617 686 1642 ing-n:
714 1614 832 1637 intrantes
851 1621 867 1636 a
887 1622 910 1641 r,
931 1613 1082 1636 introeuntes

380 1664 391 1678 c
401 1655 449 1684 dc,
462 1655 624 1686 ingredientes
637 1654 657 1676 δ.
691 1654 786 1676 uidiant
799 1653 830 1676 R.

414 1701 453 1723 34.
471 1702 517 1717 om.
534 1696 577 1716 tui
595 1694 606 1716 ι’
621 1702 636 1725 q
655 1694 668 1715 δ
685 1701 741 1716 cum
757 1700 798 1723 gr.
818 1692 877 1721 (exc.
895 1692 941 1718 D).
975 1691 1081 1714 hoculus

1184 1495 1306 1526 fulg-noris
1329 1494 1366 1521 T;
1393 1493 1490 1524 fulgens
1511 1493 1538 1517 J.
1574 1492 1732 1515 inluminauit
1755 1491 1888 1521 OZ*(corr.

1185 1534 1234 1562 Zz),
1248 1532 1400 1556 illuminabit
1412 1532 1444 1555 W
1452 1540 1490 1562 vg.
1500 1540 1506 1560 ;
1524 1531 1648 1554 illuminat
1660 1531 1744 1554 Bentl.
1759 1528 1872 1560 (φωτίζῃ)
1882 1537 1889 1556 ς

1184 1572 1271 1595 deinde
1286 1572 1401 1603 sequitur
1418 1571 1617 1594 additamentum
1635 1570 1664 1593 in
1673 1570 1711 1601 f;
1728 1569 1786 1592 uide
1803 1572 1890 1600 supra.

1189 1612 1296 1636 Ucrsum
1309 1611 1346 1633 ita
1359 1610 1429 1633 habet
1441 1618 1463 1641 q,
1475 1610 1496 1633 si
1508 1618 1568 1640 ergo
1580 1617 1670 1640 corpus
1681 1613 1751 1632 tuum
1762 1608 1890 1632 lucernam

1185 1659 1236 1674 non
1253 1651 1346 1674 habens
1363 1649 1472 1673 lucidam
1490 1649 1622 1672 obscurum
1639 1652 1676 1672 est
1697 1651 1790 1679 quanto
1809 1646 1890 1678 magis

1186 1698 1242 1714 cum
1254 1690 1355 1713 lucerna
1367 1689 1447 1712 luceat
1459 1687 1590 1711 inluminat
1602 1691 1634 1711 te.

380 1733 417 1756 luis
428 1733 459 1761 C,
471 1741 522 1756 oce.
535 1733 571 1756 bis
584 1733 614 1756 R.
639 1741 686 1756 om.
699 1736 766 1755 tuus
778 1732 791 1753 δ
802 1739 858 1754 cum
867 1739 908 1761 gr.
922 1730 1082 1754 &EGHKL
1219 1734 1258 1759 37.
1276 1729 1331 1752 [ηε.
1350 1728 1375 1750 in
1395 1736 1426 1751 eo
1446 1732 1527 1750 autem
1549 1734 1605 1750 cum
1625 1726 1674 1758 loq.
1696 1726 1710 1749 b
1728 1734 1752 1758 q,
1773 1725 1890 1757 loquente

380 1776 422 1795 εἰς.
457 1774 482 1795 si
493 1781 498 1796 :
519 1780 575 1795 curn
592 1772 627 1794 bis
646 1772 659 1794 h
675 1771 694 1794 d
701 1771 739 1802 ff.
750 1779 772 1801 q.
785 1778 828 1794 scc.
841 1770 859 1799 i,
869 1773 912 1801 pr.
925 1778 946 1792 r.
983 1769 1083 1800 simplix
1186 1772 1268 1791 autem
1280 1775 1310 1791 eo
1321 1775 1337 1790 a
1350 1775 1378 1795 r;
1395 1775 1442 1790 om.
1455 1767 1479 1790 d.
1514 1773 1590 1797 quum
1601 1765 1660 1789 ΗΘ.
1694 1765 1845 1793 loq.÷haec
1857 1764 1889 1788 G.

381 1811 413 1837 O,
426 1811 536 1842 semplex
549 1811 579 1834 R.
613 1810 757 1841 >simplex
769 1809 841 1832 fuerit
853 1809 878 1832 D
890 1817 913 1831 a.
948 1809 1023 1839 sipr.
1039 1826 1044 1831 .
1057 1825 1064 1831 .
1076 1825 1083 1832 .
1133 1805 1136 1875 1
1186 1808 1314 1834 rogauit:
1342 1806 1404 1837 petit
1426 1813 1448 1828 e.
1482 1807 1580 1828 illum:
1607 1812 1663 1828 eum
1683 1804 1705 1827 E
1724 1812 1740 1827 a
1762 1811 1774 1826 c
1795 1803 1853 1834 df
1867 1803 1888 1826 δ.

380 1852 516 1878 simplex:
533 1850 648 1880 princeps
660 1849 739 1880 inepte
753 1848 770 1871 i.
806 1849 861 1871 erit
872 1852 932 1878 pn:
950 1847 1035 1870 uoluit
1047 1851 1083 1870 est
1187 1846 1316 1877 phariseus
1339 1845 1435 1873 EffW,
1459 1852 1510 1875 par.
1535 1844 1566 1873 R,
1591 1843 1634 1867 sar.
1660 1844 1693 1872 D,
1717 1842 1834 1866 sarisaens
1857 1842 1888 1871 T,

380 1890 465 1913 Bentl.
477 1897 532 1912 cum
541 1896 581 1919 gr.
590 1888 660 1919 plur.
673 1892 695 1911 ct
707 1896 722 1910 a
733 1895 746 1910 c
756 1887 813 1918 ιίβζ
826 1887 837 1910 ι’
848 1887 869 1910 δ.
903 1890 998 1910 autem
1013 1887 1083 1915 (uero
1134 1877 1136 1915 ἰ
1187 1884 1322 1916 pharisaeis
1346 1884 1377 1907 A.
1417 1885 1570 1911 pranderet
1594 1881 1732 1913 (prandiret
1754 1882 1789 1911 R)
1813 1882 1890 1909 apud

380 1930 408 1959 a)
417 1928 530 1952 ÷oculus
543 1932 599 1950 tuus
610 1927 632 1950 E
644 1935 659 1949 a
671 1934 727 1949 cum
740 1934 780 1956 gr.
794 1927 826 1950 X.
862 1933 941 1956 nequa
953 1933 968 1948 a
980 1925 1034 1956 bffi
1047 1925 1059 1947 i
1070 1933 1085 1947 r
1134 1922 1136 1937 ¹
1190 1924 1261 1954 [aput
1281 1923 1363 1952 GRT)
1385 1930 1415 1946 aa
1437 1924 1472 1951 (te
1490 1922 1537 1951 J):
1563 1929 1619 1945 cnm
1639 1920 1685 1944 illo
1705 1920 1835 1952 pranderet
1855 1919 1890 1942 M·

381 1975 448 1996 aun,
470 1974 624 1998 nequaquam
650 1965 689 1993 R;
718 1965 799 1988 malus
826 1965 851 1993 d,
877 1969 1035 1988 excaecatum
1063 1971 1082 1987 e.
1134 1941 1137 1987 l
1179 1963 1216 1994 ff}
1228 1962 1245 1989 i,
1257 1970 1313 1986 cum
1325 1970 1355 1985 eo
1368 1970 1392 1993 p.
1405 1961 1418 1984 b
1429 1962 1440 1985 l
1450 1970 1474 1992 q,
1489 1961 1565 1995 (apud
1577 1968 1633 1984 eum
1645 1968 1657 1985 c
1663 1960 1714 1992 fr,
1728 1959 1795 1990 apud
1807 1959 1889 1990 ipsum

382 2006 473 2030 aetiam
492 2006 528 2032 E;
551 2010 575 2028 et
591 2013 607 2028 a
624 2005 643 2028 d
657 2012 669 2027 e
687 2005 713 2030 ὃς
733 2004 809 2027 etiarn
826 2008 850 2027 et
867 2003 906 2030 R;
923 2011 969 2026 om.
982 2012 1001 2026 c.
1035 2011 1082 2026 am.
1134 1995 1137 2026 l
1186 2010 1208 2030 e,
1226 2009 1308 2024 seeum
1326 2001 1361 2031 a’l.
1395 2004 1425 2024 et
1441 2008 1500 2023 sca:
1524 2000 1588 2023 iesus
1605 2003 1687 2023 autem
1698 1997 1746 2024 ΕΞ
1764 1998 1816 2021 edd.
1834 2001 1888 2022 ant.

1134 2038 1137 2060 ἱ

1135 2065 1136 2078 l

382 2050 464 2069 tuum
483 2053 526 2068 sec.
546 2045 576 2068 R.
619 2043 789 2067 tenebrossum
807 2043 849 2072 D;
873 2043 1004 2066 obscurum
1025 2042 1038 2065 b
1058 2051 1080 2073 q.
1187 2049 1236 2064 exc.
1260 2040 1355 2064 Froben
1380 2046 1451 2070 1502,
1473 2040 1550 2062 Sacon
1577 2045 1647 2069 1515.
1688 2038 1798 2068 ingresus
1821 2037 1890 2065 ΞΡΚς

382 2087 437 2108 erit
448 2085 526 2116 adfin.
538 2092 544 2107 ι
562 2087 598 2107 est
610 2083 629 2106 d
639 2090 657 2106 e.
1187 2081 1279 2103 intrans
1290 2079 1309 2101 d
1320 2079 1393 2109 (abiit
1404 2082 1487 2101 autem
1499 2082 1523 2101 et
1534 2077 1557 2109 ι’)
1567 2086 1573 2106 ;
1593 2086 1610 2101 ÷
1619 2076 1721 2100 domurn
1733 2076 1756 2099 R
1767 2084 1826 2100 aur.

417 2131 455 2153 35.
475 2125 558 2146 uide:
578 2122 661 2153 aspice
673 2129 696 2152 q,
709 2121 766 2144 uide
780 2124 804 2144 et
817 2120 915 2144 intende
927 2121 947 2143 δ.
982 2128 1028 2143 om.
1041 2124 1084 2143 est
1221 2119 1259 2148 38.
1278 2118 1405 2150 phariseus
1429 2117 1545 2146 liz-PRw,
1567 2116 1644 2140 sariss.
1665 2116 1699 2145 D,
1720 2115 1837 2139 farisaens
1856 2114 1888 2139 T.

383 2163 414 2186 R.
449 2162 548 2185 tenebre
567 2161 607 2184 W.
642 2165 697 2184 sunt
718 2159 799 2189 DQsed
817 2164 838 2182 st
858 2163 932 2189 super
951 2167 967 2182 u
991 2159 1083 2187 scr.3G.
1134 2164 1137 2187 1
1187 2166 1233 2181 om.
1247 2161 1341 2181 autem
1352 2157 1384 2180 R.
1417 2157 1511 2185 eoepit
1524 2156 1616 2186 (caepit
1629 2154 1664 2185 D)
1680 2156 1757 2177 intra
1774 2154 1850 2185 Qapud
1865 2155 1888 2184 e)

387 2202 493 2226 Cenum
506 2201 542 2223 ita
554 2200 643 2223 hahent
655 2202 714 2222 uett.
726 2198 746 2222 si
763 2206 822 2229 ergo
838 2198 922 2221 lumen
938 2197 1004 2228 quod
1019 2198 1043 2220 in
1060 2203 1084 2221 te
1134 2192 1137 2221 ἶ
1187 2204 1217 2220 se
1229 2200 1364 2226 reputans
1379 2195 1478 2226 (putans
1492 2195 1513 2223 i)
1531 2196 1623 2218 dicere
1642 2193 1789 2224 :recogitans
1804 2193 1819 2216 i.
1832 2201 1850 2216 s.
1864 2193 1888 2216 d.

382 2245 419 2264 est
432 2240 473 2270 1>
484 2244 520 2263 est
532 2240 557 2263 in
569 2244 593 2263 te
605 2247 620 2262 a
631 2238 694 2270 effi.)
709 2237 823 2261 tenebrae
839 2241 895 2260 sunt
907 2237 959 2267 ipse
971 2237 1084 2260 tenebrae
1134 2259 1136 2279 1
1186 2244 1210 2264 a,
1232 2235 1257 2258 in
1278 2243 1296 2258 s.
1315 2235 1426 2266 cogitans
1446 2234 1470 2257 d.
1481 2233 1516 2265 βξ
1535 2242 1557 2263 r,
1574 2241 1657 2256 secum
1678 2232 1807 2263 disputans
1828 2232 1852 2255 d.
1869 2240 1888 2259 c,

384 2286 441 2306 (mn.
465 2279 517 2310 ipse
539 2279 570 2306 d;
595 2282 643 2301 ten.
664 2282 720 2300 tuae
740 2285 753 2300 e
768 2277 813 2308 βξ»,
835 2276 948 2299 tenebrae
971 2276 995 2298 in
1018 2280 1042 2299 te
1065 2276 1082 2304 i,
1135 2291 1136 2295 ,
1188 2275 1296 2305 cogitare
1309 2274 1335 2297 'm
1346 2274 1489 2304 semetipso
1501 2273 1584 2296 dicens
1593 2272 1621 2303 d„
1634 2271 1698 2295 codd.
1708 2275 1732 2294 et
1743 2279 1781 2302 vg.
1795 2274 1818 2294 et
1830 2274 1889 2294 uett.

383 2318 496 2342 tenebrae
509 2326 566 2341 rese.
581 2336 586 2340 .
599 2335 605 2339 .
617 2325 633 2340 a
657 2320 763 2348 quantae
775 2319 830 2339 sunt
843 2315 901 2345 (om.
913 2315 941 2344 d)
953 2323 970 2337 a
981 2315 994 2337 b
1005 2315 1024 2337 d
1032 2315 1085 2345 εβῗ2
1135 2326 1136 2334 1
1183 2314 1253 2344 plur.
1268 2321 1324 2336 cum
1333 2320 1373 2344 gr.
1386 2313 1410 2336 D
1425 2319 1468 2342 251
1483 2310 1572 2341 ἤρξατο
1584 2309 1761 2341 διακρινόμενος
1772 2310 1799 2333 ἐν
1812 2310 1888 2340 ἑαυτῷ

384 2358 396 2380 i
411 2366 426 2380 r
442 2365 497 2385 cum
511 2364 552 2387 gr.
572 2356 596 2379 D
613 2360 637 2379 cl
653 2363 701 2379 om.
719 2363 744 2379 u.
765 2354 819 2385 36.;
836 2362 867 2377 ex
884 2354 949 2383 Mt.;
966 2353 996 2384 q‘.
1015 2355 1082 2384 Aug.
1134 2359 1137 2381 1
1186 2351 1286 2382 λέγεινι
1305 2352 1391 2375 uidens
1409 2351 1511 2374 miratus
1529 2350 1648 2381 (adm.f)
1665 2349 1737 2380 ests
1748 2350 1761 2371 δ
1777 2356 1832 2372 cum
1846 2356 1887 2379 gr.

1182 2392 1253 2422 plur.
1271 2390 1325 2414 ἰδὼν
1343 2390 1484 2419 ἐθαύμασεν.
1519 2397 1591 2413 non:
1611 2396 1629 2412 4-
1647 2389 1754 2420 primum
1770 2388 1793 2411 R
1805 2387 1818 2410 b
1828 2387 1868 2410 di
1878 2387 1891 2410 l

1187 2439 1202 2462 q
1214 2431 1233 2461 δ,
1244 2438 1261 2455 ÷
1270 2431 1351 2462 primo
1363 2438 1374 2453 c
1385 2438 1405 2458 e,
1415 2437 1432 2453 -ιν
1441 2430 1508 2461 prius
1523 2428 1606 2459 afff²
1617 2435 1646 2456 r;
1664 2435 1720 2451 cum
1733 2435 1773 2458 gr.
1786 2426 1887 2456 πρῶτον.

386 2397 483 2425 Quacsl.
498 2403 587 2426 euang.
602 2395 636 2418 IL
654 2401 690 2424 ¹5·

417 2435 456 2464 36.
474 2443 520 2458 om.
531 2438 622 2458 totum
629 2438 671 2465 pr.
680 2433 873 2464 ffDEKZegat.
883 2440 940 2455 aur.
968 2436 994 2458 >
1003 2436 1083 2455 totum

1188 2469 1324 2493 babtizatus
1340 2469 1420 2492 DRT.
1455 2472 1533 2492 aesset
1550 2468 1588 2496 C;
1605 2471 1642 2491 est
1654 2467 1684 2490 T.
1718 2469 1783 2490 ante
1803 2465 1888 2491 (hante

1188 2508 1220 2535 C)
1239 2510 1404 2536 prandium:
1425 2508 1567 2539 priusquam
1586 2505 1728 2537 (antequam
1745 2505 1765 2535 i)
1784 2504 1887 2527 mandu-

1187 2552 1253 2570 caret
1265 2547 1318 2578 bffi
1331 2547 1342 2569 i
1351 2547 1362 2569 l
1372 2555 1394 2578 q,
1409 2551 1540 2577 antequam
1552 2544 1681 2577 pranderet
1692 2544 1711 2566 d
1719 2552 1741 2567 r.

1221 2593 1260 2616 39.
1279 2588 1427 2609 dominus:
1443 2584 1541 2608 iesusJ.
1567 2585 1665 2607 inum:
1683 2590 1740 2606 eum
1749 2582 1790 2606 Ns.
1818 2585 1845 2608 >
1855 2581 1887 2604 ad

1188 2625 1259 2649 illum
1273 2625 1387 2648 dominus
1400 2625 1428 2649 E.
1463 2623 1569 2656 pharisei
1581 2622 1647 2652 RW,
1657 2622 1735 2646 satiss.
1744 2622 1778 2650 D,
1791 2620 1888 2646 farisaei

384 2482 473 2504 corpus
495 2478 564 2497 tuum
587 2473 681 2496 :PTw
727 2474 828 2496 fuerit:
856 2472 901 2495 erit
924 2470 1039 2501 C2T24÷
1058 2471 1083 2494 su

384 2513 472 2538 CCTCJ.
510 2517 536 2539 >
553 2513 624 2536 fuerit
645 2511 754 2535 lucidum
772 2511 804 2534 K.
842 2515 869 2538 >
887 2510 958 2534 suerit
975 2509 1084 2533 lucidum

383 2557 462 2574 totum
487 2552 584 2581 Z*[sc‹l
603 2559 686 2581 corn„
721 2552 845 2578 aliquam
864 2558 910 2573 om.
932 2550 966 2572 D.
1001 2549 1084 2572 uoluit

384 2590 537 2613 tenebrosam
557 2590 640 2614 Bcnll.
664 2588 819 2619 ‘axo-tarbua).
861 2593 888 2615 >
908 2588 1018 2612 lucidum
1037 2588 1083 2611 erit

384 2629 442 2653 DR.
477 2633 567 2652 totum
584 2637 642 2652 sca:
669 2633 738 2652 tuum
758 2628 789 2659 Q.
823 2627 894 2651 sicuti
914 2627 950 2656 (ῖς
976 2627 1031 2650 sic*
1050 2627 1082 2650 D.
