2209 3147
335 235 404 266 '280

506 320 607 344 AHVY
615 320 693 344 Harl.
707 324 777 350 2797.

342 366 423 394 XIX.
446 366 627 402 Quaerentes
649 365 685 394 de
710 365 859 394 euulsione
883 365 941 403 spi-

382 423 483 442 carum
512 414 541 442 in
574 413 701 442 sabbatis
730 413 820 442 relato
854 413 940 441 dauid

382 461 518 498 exemplo
537 461 693 489 conuincit.

340 508 406 536 XX.
436 508 471 536 In
498 517 649 545 synagoga
678 516 799 536 manum
828 507 940 535 aridam

381 560 463 583 sanat
474 555 590 592 repletis
600 555 763 592 insipientia
772 554 939 592 pharisaeis.

339 647 422 675 XXI.
444 647 622 676 Pernoctans
647 647 675 675 in
698 647 830 675 oratione
851 655 939 674 mane

380 695 536 723 duodecim
557 694 707 732 apostolos
725 694 857 722 nominat
876 698 939 721 tan-

378 748 480 779 gentes
495 751 562 770 eum
579 748 717 770 sanantur
731 741 834 778 egroti.

338 789 436 817 XXII.
474 789 618 826 Pauperes
648 789 805 817 esurientes
835 788 939 817 flentes

378 836 611 873 persecutionem
650 836 791 873 patientes
835 836 937 863 beatos

377 887 465 910 uocat
487 890 541 909 uae
563 881 696 909 diuitibus
718 890 752 909 ac
778 881 938 909 ridentibus

378 929 477 957 dicens
509 929 594 956 etiam
630 928 763 956 inimicos
799 928 938 965 praecipit

377 976 539 1013 diligendos
565 981 592 1003 et
616 975 787 1013 percutienti
812 975 859 1004 uel
885 985 936 1003 nu-

377 1023 457 1051 danti
472 1023 591 1050 minime
607 1023 805 1051 resistendum.

336 1070 451 1098 XXIII.
473 1070 519 1098 De
543 1070 652 1098 festuca
677 1075 705 1098 et
727 1070 807 1098 trabe
833 1069 936 1098 arbore

377 1127 494 1155 quoque
514 1118 592 1145 bona
608 1122 637 1145 et
652 1117 728 1145 mala
743 1123 830 1155 atque
846 1116 936 1146 domo

375 1165 555 1194 aedificanda
570 1164 739 1202 parabolam
754 1164 844 1202 ponit.

335 1401 464 1429 XXIIII.
495 1400 679 1429 Centurionis
707 1409 825 1429 seruum
854 1406 935 1429 curat

374 1448 542 1486 rogantibus
567 1458 620 1485 pro
649 1457 686 1476 eo
715 1448 879 1477 senioribus
907 1453 934 1477 et

374 1496 482 1524 amicis.

333 1542 429 1571 XXV.
459 1542 547 1570 Filius
572 1542 674 1570 unicus
703 1542 809 1570 uiduae
834 1542 935 1571 matris

373 1596 506 1618 mortuus
534 1590 591 1617 iam
625 1590 740 1618 ciuitate
772 1590 864 1619 elatus
898 1590 934 1619 de

374 1637 476 1665 feretro
492 1637 653 1666 suscitatur.

333 1684 444 1712 XXVI.
477 1683 627 1720 Regressis
658 1684 795 1713 iohannis
826 1684 933 1713 nuntiis

373 1731 463 1759 multa
474 1731 508 1759 de
521 1731 582 1759 eius
594 1731 795 1768 magnitudine
807 1731 934 1769 loquitur

372 1784 401 1806 et
412 1778 507 1815 pueris
519 1778 686 1807 sedentibus
699 1779 728 1806 in
739 1778 802 1807 foro
812 1788 932 1816 genera-

373 1825 484 1853 tionem
499 1830 648 1862 comparat
662 1825 841 1854 iudaeorum.

363 2004 434 2027 XIX.
453 2003 565 2027 nulsione
578 2004 609 2027 Y.
644 2003 794 2035 spicatorum
808 2005 842 2028 H.

363 2037 420 2060 XX.
440 2036 510 2060 arida
523 2037 558 2060 H.

362 2069 435 2093 XXI.
466 2069 604 2093 orationem
633 2070 668 2093 H.

329 2102 443 2125 Harlfffl‘-
476 2102 595 2133 apostolis
606 2103 684 2126 Harl.

362 2135 448 2159 XXII.
469 2135 596 2167 praecepit
618 2134 710 2159 A*HY
725 2136 802 2159 Harl.
845 2144 929 2167 percu-

329 2167 416 2191 tientes
429 2168 459 2191 Y.

362 2200 463 2224 XXIII.
488 2200 594 2225 festucae
623 2201 658 2225 H.

330 2233 450 2262 parabola
461 2233 493 2257 Y.

713 2077 794 2093 mane
808 2078 813 2094 :
847 2074 930 2094 manet

701 2208 747 2225 om.
777 2204 805 2225 et
825 2205 868 2233 pr.
893 2201 927 2226 H.

818 234 1046 264 CAPITULA
1073 235 1132 264 IN
1150 234 1470 265 EUANGELIUM

1177 319 1253 349 cfr).

1037 366 1138 404 Spicas
1163 365 1334 394 uellentibus
1358 366 1443 394 disci-

1075 413 1149 450 pulis
1184 422 1275 450 panes
1311 413 1442 450 proposi-

1075 460 1162 489 tionis
1176 466 1395 489 commemorat.

1034 507 1197 536 Hominem
1219 516 1341 535 manum
1367 506 1442 536 hari—

1074 554 1143 582 dam
1158 555 1294 583 abentem
1314 554 1441 583 sabbatis

1074 608 1161 630 curat.

1033 648 1069 676 In
1084 648 1266 677 horationem
1281 653 1441 686 pernoctat.

1032 695 1192 733 Apostolos
1208 695 1313 733 heligit.

1033 743 1150 772 Turbas
1174 743 1329 781 alloquitur
1352 744 1441 772 beati-

1073 791 1205 819 tudinem
1249 790 1374 819 aliorum
1413 796 1441 819 et

1073 838 1194 866 aliorum
1246 837 1440 866 infelicitatem

1072 886 1252 922 promittens.

1031 932 1205 960 Parabulam
1220 932 1387 970 praeferens
1404 933 1439 961 de
1466 921 1467 933 ἵ

1072 980 1179 1008 ducatu
1194 980 1281 1008 caeci.

1030 1026 1068 1055 Et
1082 1027 1212 1064 magistri
1227 1032 1271 1055 aet
1287 1027 1428 1064 discipuli.

1030 1074 1068 1102 Et
1083 1074 1209 1103 festucae
1225 1075 1255 1102 in
1270 1073 1376 1102 hoculo
1392 1074 1438 1103 uel

1070 1122 1168 1150 trauis.

1030 1169 1067 1197 Et
1096 1169 1208 1197 arboris
1236 1168 1306 1197 boni
1330 1168 1438 1197 fructus

1069 1216 1115 1244 uel
1130 1216 1207 1244 mali.

1029 1263 1067 1291 Et
1082 1263 1232 1291 hominem
1247 1263 1297 1301 qui
1315 1263 1437 1292 domum

1070 1319 1155 1348 super
1166 1316 1277 1348 petram
1289 1310 1336 1339 uel
1352 1319 1437 1348 super

1069 1358 1209 1386 harenam
1225 1357 1417 1386 hedifichauit.

987 1407 1047 1434 VI.
1067 1407 1280 1434 CenturioniS
1291 1413 1436 1440 puerum

1069 1456 1176 1481 cusat.

1027 1546 1140 1575 Uiduae
1156 1547 1245 1575 filium
1260 1547 1419 1576 resuscitat.

1028 1689 1174 1717 Ioahnnes
1184 1689 1341 1726 discipulos
1351 1689 1437 1718 mittit

1067 1736 1105 1765 ad
1121 1736 1194 1764 Ihm.

1025 1783 1063 1811 Et
1084 1785 1160 1820 xpus
1181 1783 1218 1812 de
1239 1783 1372 1812 Iohanne
1393 1783 1435 1812 Io-

1066 1831 1163 1867 quitur
1192 1831 1367 1860 subnectens
1399 1832 1434 1859 si-

1066 1878 1258 1906 militudinem
1277 1887 1435 1915 puerorum

1066 1925 1095 1952 in
1111 1925 1175 1954 foro
1191 1925 1361 1954 sedentium.

1497 319 1719 351 Bfflffireuesmx
1725 321 1785 344 Par.
1792 322 1848 346 Lat.
1858 323 1944 353 10438.

1496 365 1628 404 discipuli
1643 367 1738 404 spicas
1753 367 1863 396 uellunt

1496 516 1616 536 manum
1632 508 1741 536 aridam
1757 508 1915 537 habentem

1536 555 1664 584 sabbatis
1679 561 1761 584 curat

1494 696 1642 733 apostolos
1657 697 1735 734 eligit

1493 743 1583 772 turbis
1599 744 1805 773 beatitudinem
1820 744 1942 773 aliorum

1534 796 1562 819 et
1594 791 1716 819 aliorum
1747 791 1943 821 infelicitatem

1534 847 1601 866 cum
1625 839 1771 876 parabolis
1796 839 1944 877 praedicat

1533 890 1562 914 et
1577 885 1729 914 mandatis.

1491 1406 1543 1435 VI.
1583 1407 1767 1436 Centurionis
1817 1417 1938 1446 puerum

1532 1459 1611 1482 curat

1490 1548 1595 1576 uiduae
1617 1549 1707 1577 filium
1726 1555 1875 1578 mortuum
1895 1560 1937 1579 re-

1532 1596 1648 1625 suscitat

1489 1690 1533 1718 ihs
1545 1690 1744 1719 testimonium
1756 1690 1792 1719 de
1804 1690 1938 1721 Iohanne

1530 1737 1598 1766 dicit
1623 1747 1690 1766 cum
1719 1738 1937 1767 similitudinem

1530 1794 1688 1822 puerorum
1704 1786 1734 1814 in
1749 1785 1813 1814 soro
1833 1786 1938 1814 seden—

1529 1832 1601 1861 tium

1016 2012 1047 2036 V.
1074 2014 1191 2041 heligit.:
1221 2013 1285 2037 codd.
1311 2013 1384 2036 Alex.
1412 2017 1435 2037 ct

987 2046 1043 2069 Uat.
1062 2046 1143 2077 elegit.
1178 2048 1356 2074 praeferens:
1378 2054 1433 2077 pro-

981 2078 1058 2102 ferens
1091 2080 1116 2102 Τ
1113 2079 1176 2103 lzom.
1222 2080 1311 2102 trauis
1331 2084 1349 2102 ÷
1368 2079 1433 2102 oculi

986 2112 1042 2135 Uat.
1055 2118 1128 2141 4221.
1163 2113 1323 2136 hominem:
1342 2112 1373 2135 de
1388 2112 1432 2136 ho-

981 2145 1047 2168 mine
1055 2145 1139 2168 Thom.
1163 2152 1235 2176 supra
1241 2148 1337 2176 petram
1346 2145 1371 2168 T
1367 2145 1430 2169 hom.

1014 2177 1058 2201 VI.
1077 2179 1252 2201 centurionis
1267 2196 1272 2201 .
1291 2196 1297 2201 .
1315 2195 1321 2200 .
1339 2185 1431 2201 resus-

980 2211 1067 2233 citat:
1090 2210 1121 2233 de
1140 2210 1288 2234 centurionis
1310 2218 1386 2241 puero
1407 2213 1431 2234 et

980 2242 1069 2266 uiduae
1098 2243 1151 2266 filio
1179 2243 1324 2268 resuscitato
1355 2244 1429 2267 Alex.

979 2277 1157 2300 sedentium:
1181 2276 1214 2299 al.
1233 2276 1369 2301 ludentium
1389 2280 1429 2307 ap.

984 2308 1067 2331 leom.

1520 2013 1549 2036 V.
1573 2013 1681 2036 euellunt
1706 2013 1736 2036 O.
1778 2013 1853 2043 elegit
1884 2013 1936 2037 ΒΟ.

1493 2052 1510 2069 ÷
1527 2050 1551 2069 et
1574 2049 1631 2069 ante
1651 2047 1743 2068 turbis
1768 2045 1830 2069 ΒΘ]
1852 2046 1936 2070 Tltom.

1486 2078 1604 2109 praedicit
1617 2079 1643 2101 J.
1679 2082 1706 2102 et
1715 2080 1870 2102 mandatis:
1889 2086 1936 2102 om.

1485 2111 1508 2134 Θ
1518 2119 1523 2139 ;
1549 2118 1566 2135 ÷
1574 2111 1604 2135 de
1616 2119 1675 2135 ceco
1688 2115 1711 2134 et
1723 2112 1792 2135 trabe
1804 2115 1829 2134 et
1845 2111 1936 2135 festuca

1485 2144 1534 2173 Οὓς
1559 2144 1652 2175 ÷quod
1667 2152 1716 2167 non
1732 2144 1763 2167 sit
1776 2144 1935 2168 iudicandum

1484 2177 1514 2200 de
1538 2176 1631 2200 festuca
1656 2176 1737 2200 fratris
1761 2185 1817 2200 cum
1841 2177 1935 2200 trabem

1484 2210 1604 2240 conspicit
1613 2210 1707 2241 proprii
1717 2213 1797 2233 reatus
1806 2210 1867 2233 Par.
1876 2210 1933 2233 Lat.

1486 2243 1571 2272 10438.

1516 2275 1562 2299 VI.
1580 2277 1729 2299 resuscitat
1736 2275 1835 2306 parlim
1846 2275 1874 2298 in
1885 2283 1933 2298 ras.

1482 2308 1514 2332 X.
1550 2310 1625 2331 iesus
1637 2316 1642 2332 :
1669 2308 1773 2331 christus
1797 2308 1827 2331 Θ.
1864 2311 1891 2334 >
1903 2307 1934 2331 de

1482 2341 1531 2364 ioh.
1545 2344 1600 2364 test.
1610 2341 1670 2365 dicit
1681 2341 1769 2364 BOJO
1782 2341 1867 2364 Thom.
1903 2340 1933 2364 si-

1482 2373 1621 2397 militudine
1650 2373 1750 2398 ΒΘιΪΟ0
1767 2374 1851 2397 Thone.
1886 2381 1932 2396 om.

1481 2409 1511 2430 in
1522 2407 1553 2431 Ο.
