2258 3157
379 324 490 353 DJPGQ.

183 370 292 399 LVIII.
308 370 347 397 Et
358 373 442 396 erunt
458 367 545 395 Primi
560 367 682 395 nouissi-

223 417 262 444 mi
281 421 308 444 et
324 415 473 444 nouissimi
488 414 582 451 primi.

183 463 308 491 LVIIII.
332 462 377 490 De
404 462 468 489 filiis
494 461 571 489 Zebe
594 466 622 488 et
647 460 683 488 de

224 509 323 547 primis
339 508 478 537 accubitis
493 516 608 536 caenae.

184 557 246 584 LX.
270 556 314 584 De
335 565 375 583 ·11·
398 555 491 583 caecis
507 563 591 583 secus
606 554 683 582 uiam

225 603 397 631 sedentibus.

185 841 262 869 LXI.
287 841 334 869 Ihs
350 841 454 869 sedens
474 850 558 877 super
572 840 684 877 pullum

226 888 337 916 assinae
370 887 582 916 nummularios
615 887 686 915 Iecit

223 934 260 962 de
276 935 394 971 templo.

186 981 281 1009 LXII.
301 981 346 1009 De
358 982 460 1009 arbore
473 980 518 1008 fici
535 989 591 1018 que
607 980 687 1008 arida

227 1028 302 1056 facta
322 1033 373 1062 est,
390 1034 417 1056 et
438 1028 528 1056 homo
547 1028 596 1065 qui
612 1028 686 1055 filios

228 1075 256 1102 in
272 1075 381 1102 uiniam
397 1075 491 1102 mittit.

187 1120 299 1150 LXIII.
323 1121 496 1150 Parabulam
526 1121 561 1149 de
593 1121 686 1158 pupli-

228 1168 307 1197 canis
322 1174 349 1196 et
364 1169 555 1197 meritricibus
571 1168 678 1197 dicunt.

194 1872 321 1902 LXIIII.
344 1872 389 1901 De
408 1873 487 1901 uinia
504 1872 598 1901 locata
615 1872 694 1900 colo-

235 1922 279 1949 nis
310 1921 359 1948 ubi
390 1920 564 1948 interficiunt
590 1920 695 1947 missos

234 1968 271 1996 ad
294 1977 324 1995 se
349 1972 376 1995 et
401 1967 517 1994 Inuitati
544 1971 694 2003 contemp-

234 2020 307 2042 nunt
322 2015 421 2042 uenire
437 2014 474 2042 ad
490 2014 613 2050 nuptias.

228 2112 338 2136 LVIIH.
357 2120 402 2135 om.
425 2114 459 2135 de
483 2120 525 2134 sec.
545 2112 605 2142 ZPQ.
648 2115 696 2141 pro

194 2147 245 2172 pri.
257 2153 312 2168 ace.
326 2153 381 2168 eae.
392 2144 463 2167 habet
475 2144 579 2167 minimo
591 2144 696 2167 maiores

194 2177 244 2201 fieri
259 2178 289 2201 G.

227 2210 273 2233 LX
298 2214 322 2233 et
345 2210 412 2233 LXI.
442 2209 470 2232 in
499 2216 580 2232 unum

194 2243 325 2273 coniungit
342 2243 372 2272 Q.

228 2275 296 2298 LXI.
318 2279 368 2298 ψεῖ
384 2278 441 2297 ante
458 2276 502 2297 ihs
522 2275 554 2303 G,
574 2279 622 2298 ÷et
641 2283 695 2298 cum

196 2308 256 2338 SPQ.
292 2308 359 2331 sedet
379 2308 410 2335 G,
432 2307 524 2330 sederet
545 2308 605 2338 {PQ
647 2312 695 2332 ψεῖ

196 2345 253 2364 ante
265 2342 466 2363 nummularios
481 2340 510 2363 G.

230 2373 310 2397 LXII.
329 2381 374 2396 om.
396 2375 445 2400 qui
464 2373 494 2403 Q.
530 2373 588 2395 Post
608 2373 696 2396 LXIII

198 2406 275 2436 [quod
298 2409 333 2429 est
352 2405 453 2429 LXIIII
476 2406 504 2428 2'11
529 2406 566 2428 &Pi
588 2405 697 2436 sapitula

197 2447 245 2461 mm
259 2441 429 2461 numerantur
442 2439 470 2461 in
484 2438 520 2461 ΞΡ.

230 2471 325 2494 LXIII.
355 2472 524 2494 Parabulam
544 2478 560 2492 4-
580 2470 640 2494 dicit
666 2471 697 2494 (3.

198 2504 255 2527 ilem
273 2503 345 2526 LXII
360 2507 383 2526 ct
400 2503 486 2526 LXIII
504 2504 531 2526 in
547 2511 628 2526 unum
647 2507 697 2533 cap.

198 2536 253 2563 (sub
266 2544 368 2559 numero
381 2536 452 2559 LXI*
472 2536 603 2566 coniungit
619 2537 640 2559 G
654 2544 659 2562 2
676 2539 699 2558 el

197 2577 243 2592 om.
257 2571 355 2592 dieunt
367 2569 455 2600 adfiu.

232 2601 317 2624 LXIII
336 2605 358 2624 el
376 2601 484 2624 LXIIII.
504 2602 531 2624 in
549 2609 629 2624 mmm
646 2609 697 2624 mm-

199 2634 284 2664 z'mlgz't
302 2635 366 2663 (s.n.
386 2634 484 2661 LXIII)
503 2635 533 2664 Q.

199 2668 297 2690 dieunt
310 2666 370 2696 FPQ.

611 2209 693 2237 &LXII

580 2634 639 2657 dicit
652 2638 699 2664 pm
726 2630 727 2642 ¹

719 237 804 267 SEC
811 237 906 265 UND
913 237 983 264 HM
1002 237 1068 265 MA
1078 235 1280 264 TTHEUM.

916 321 934 344 J
949 322 1063 351 (breues).

736 367 892 395 XLVIIII.
914 367 974 395 Ubi
994 367 1139 395 Dominus
1158 375 1239 403 prae-

777 414 846 442 dicit
883 414 1050 451 passionem
1090 423 1171 441 suam
1211 418 1239 441 et

777 466 867 489 mater
883 461 1007 489 filiorum
1024 460 1168 488 Zebedaei
1190 469 1238 496 pe-

778 508 809 535 tit
834 507 933 535 sedere
960 517 1011 536 eos
1035 516 1102 535 cum
1125 507 1188 543 ipso
1211 511 1239 535 et
1265 527 1267 538 „

778 554 923 582 Dominus
943 554 1010 582 dicit
1031 563 1092 582 non
1112 554 1238 581 discum-

779 601 907 629 bendum
924 601 952 628 in
967 601 1061 637 primo
1076 601 1152 628 loeo.

739 647 771 675 L.
794 647 839 676 De
861 648 975 675 duobus
997 647 1091 675 caeeis
1114 646 1238 675 sedenti-

778 695 833 722 bus
869 695 898 722 in
938 694 1077 722 Hiericho
1113 698 1140 721 et
1189 694 1238 721 ubi

780 741 853 769 sedit
901 741 949 768 Ihs
996 750 1082 777 super
1127 740 1239 777 pullum

779 788 876 815 asinae
900 792 928 815 et
957 788 1037 815 eiecit
1066 787 1101 815 de
1130 786 1238 823 templo

779 835 940 863 uendentes
983 839 1011 862 et
1050 834 1150 861 effudit
1190 842 1238 861 aes

779 890 888 909 eorum.

741 973 789 1001 LI.
811 973 857 1002 De
880 974 1004 1002 ficulnea
1026 983 1100 1011 quae
1117 974 1189 1001 aruit
1211 979 1238 1001 et
1265 963 1267 974 >

780 1021 829 1048 ubi
845 1021 961 1058 requirit
976 1021 1026 1048 ihs
1041 1020 1076 1048 de
1092 1020 1238 1057 baptismo

781 1067 921 1095 Iohannis
937 1068 959 1095 si
976 1067 1011 1095 de
1026 1066 1107 1095 caelo
1122 1071 1191 1094 erat.

741 1114 805 1142 LII.
828 1114 872 1143 De
891 1114 1005 1142 duobus
1020 1114 1083 1142 filiis
1099 1114 1193 1142 missis
1209 1114 1238 1140 in

781 1162 897 1189 uineam
913 1170 1001 1198 quam
1021 1161 1127 1189 locauit
1143 1166 1238 1198 pater-

782 1209 905 1236 familias
928 1213 955 1236 et
974 1208 1010 1236 de
1031 1208 1122 1236 seruis
1137 1213 1165 1236 et
1181 1207 1239 1236 filio

782 1264 869 1292 quem
884 1255 968 1283 misit.

749 1872 831 1900 LIII.
854 1871 899 1900 De
911 1871 1027 1900 homine
1040 1880 1107 1908 rege
1120 1871 1169 1909 qui
1181 1871 1248 1899 fecit

789 1920 902 1956 nuptias
924 1919 982 1947 filio
1007 1928 1061 1947 suo
1087 1924 1114 1947 et
1138 1918 1248 1946 inuenit

790 1967 827 1994 ibi
847 1966 995 1994 hominem
1012 1975 1071 1994 non
1092 1966 1248 1994 habentem

789 2019 900 2042 uestem
916 2013 1086 2050 nuptialem.

1753 236 1794 271 35

1525 316 1558 340 K.

1265 510 1267 525 ἱ

1303 1876 1381 1904 LXI.
1404 1875 1462 1903 Ubi
1476 1875 1615 1902 uinitores
1628 1873 1803 1901 interficiunt

1342 1923 1446 1950 missos
1462 1921 1498 1949 ad
1514 1931 1552 1950 se.

1303 1969 1397 1997 LXII.
1414 1968 1459 1996 De
1472 1978 1538 2005 rege
1551 1969 1600 2005 qui
1613 1967 1677 1996 fecit
1689 1967 1803 2004 nuptias

1344 2016 1402 2044 filio
1438 2024 1501 2049 suo,
1538 2020 1566 2043 et
1594 2015 1705 2043 inuitati
1732 2023 1804 2042 con—

1344 2067 1498 2099 tempnunt
1513 2061 1611 2089 uenire
1627 2061 1664 2088 ad
1681 2069 1801 2089 caenam

1343 2114 1371 2139 et
1392 2109 1447 2138 deo
1467 2107 1531 2147 (sic)
1554 2109 1604 2146 qui
1623 2117 1685 2136 non
1704 2107 1804 2136 habuit

1342 2161 1454 2185 uestem
1469 2155 1636 2192 nuptialem.
