2258 3157
364 347 476 377 DzPGQ.

213 394 314 421 monio
344 392 474 421 Caecum
501 396 530 419 et
559 395 673 418 mutum

213 440 332 468 curauit.

172 719 313 748 XXXVI.
334 719 393 747 Ubi
413 719 522 747 scribae
544 722 572 746 et
595 717 672 745 faris-

213 767 255 795 sei
270 767 386 803 signum
401 769 503 803 petunt
518 765 555 792 ab
571 764 627 791 ihu.

173 959 330 987 XXXVII.
354 959 449 987 Mater
466 963 516 986 tua
530 962 558 985 et
573 957 674 985 fratres

214 1006 254 1034 tui
269 1005 338 1034 foris
354 1010 430 1034 stant
445 1005 545 1033 dicunt
557 1004 594 1032 ad
606 1004 673 1031 ihm.

173 1098 347 1127 XXXVIII.
371 1098 483 1127 Sedens
495 1097 529 1125 In
541 1097 675 1125 nauicula

214 1145 258 1174 ihs
273 1145 363 1174 turbis
377 1145 533 1182 parabulas
555 1145 676 1181 exponit

214 1198 242 1221 et
257 1193 293 1221 de
309 1193 417 1220 semine
430 1201 515 1229 super
526 1196 637 1229 petram
649 1196 676 1219 et

214 1240 312 1276 spinas
337 1244 366 1267 et
388 1240 468 1268 bona
491 1243 566 1266 terra
592 1238 676 1266 semi-

214 1291 324 1315 natum.

173 1333 361 1361 XXXVIIII.
383 1332 428 1360 De
444 1333 572 1361 setzanio
587 1332 615 1359 in
631 1331 677 1359 tri-

216 1381 273 1409 tico
303 1380 348 1408 De
377 1389 470 1417 grano
502 1379 620 1417 synapis
650 1384 677 1407 et

214 1427 366 1456 fermento.

176 1651 238 1680 XL.
262 1651 307 1679 De
329 1655 458 1679 tessauro
481 1651 510 1678 in
532 1659 603 1687 agro
627 1650 678 1677 ab·

217 1707 323 1727 sconso
338 1703 365 1726 et
380 1698 415 1726 de
427 1699 505 1726 bona
517 1701 678 1733 margareta

217 1751 245 1774 et
260 1745 296 1773 de
312 1749 370 1773 rete
385 1745 474 1773 misso
490 1745 519 1772 in
534 1744 616 1772 mari.

182 2268 261 2297 XLI.
291 2267 338 2296 De
366 2266 501 2295 iohannis
530 2265 623 2302 capite
652 2264 681 2291 in

223 2315 304 2343 disco
320 2314 417 2342 allato.

215 2388 337 2412 XXXVI.
355 2388 420 2411 ihu:
438 2395 468 2410 eo
482 2386 512 2410 G.

216 2421 352 2445 XXXVII.
386 2424 413 2446 >
434 2423 500 2443 stant
530 2417 590 2441 foris
623 2417 682 2448 {PQ

183 2454 241 2478 item
254 2454 338 2477 dicunt
351 2453 383 2476 ad
396 2452 447 2476 iiim
460 2455 524 2475 stant
537 2451 596 2474 foris
609 2450 639 2480 Q.

216 2486 366 2510 XXXVIII.
384 2494 430 2509 σω.
450 2488 478 2508 et·
494 2487 550 2515 post
566 2484 684 2510 exponit

184 2519 216 2543 G.
238 2520 263 2542 in
272 2519 351 2550 spinis
361 2519 392 2542 G.
417 2518 441 2541 in
450 2518 517 2541 bona
525 2520 587 2540 terra
597 2515 684 2545 EPGQ.

184 2553 242 2575 item
284 2553 312 2575 z'n
351 2559 433 2574 unum
469 2553 520 2581 cap.
555 2548 685 2578 coniungit

184 2584 326 2608 XXXVIII
337 2587 360 2607 et
371 2582 527 2606 XXXVIIII
538 2582 574 2605 ΞΡ,

217 2617 380 2640 XXXVIIII.
400 2616 520 2639 frumento
533 2614 580 2638 cod.
593 2615 626 2637 D.

219 2650 273 2673 XL.
290 2653 317 2676 >
327 2650 391 2672 absc.
402 2649 427 2672 in
440 2656 499 2679 agro
511 2647 563 2671 {PG
574 2655 578 2670 :
596 2655 642 2670 om.
654 2647 683 2668 in

187 2690 254 2710 agro
268 2682 299 2712 Q.

694 259 955 289 SECUNDUM
973 259 1039 287 MA
1050 256 1251 287 TTHEUM.

900 345 917 368 J
932 344 1045 373 (hreuev).

769 390 885 418 bentem
916 389 1025 418 curauit
1046 394 1074 416 et
1103 388 1138 416 de
1164 387 1228 415 Bel-

769 437 842 464 zebu
858 436 987 473 principe
999 435 1230 463 daemoniorum.

729 483 856 510 XXVII.
881 483 927 511 De
963 483 1041 511 bono
1075 482 1230 509 thensauro

769 535 796 558 et
829 530 908 557 malo
946 534 974 557 et
1003 529 1038 557 de
1070 528 1230 556 Pharisaeis

769 577 818 614 qui
854 577 970 613 signum
1004 581 1106 614 petunt
1136 579 1164 603 et
1194 574 1229 602 de

768 624 837 652 uiris
874 623 1011 651 Niniuitis
1050 628 1077 650 et
1115 621 1230 658 Regina

770 671 866 698 Austri
882 676 909 698 et
925 671 960 698 de
981 669 1128 698 inmundis
1148 668 1228 706 spiri-

769 718 843 745 tibus
858 722 976 754 septem.

729 956 872 984 XXVIII.
894 956 953 984 Ubi
965 960 1056 984 mater
1065 955 1125 983 eius
1136 959 1164 983 et
1173 953 1230 981 fra-

769 1009 826 1031 tres
842 1003 910 1031 foris
929 1008 1005 1031 stant
1020 1007 1048 1031 et
1063 1002 1099 1030 de
1114 1006 1230 1039 petrosa

769 1056 796 1078 et
823 1051 859 1078 de
884 1050 974 1087 spinis
998 1055 1026 1078 et
1048 1055 1123 1077 terra
1151 1049 1230 1076 bona

770 1097 917 1134 parabola.

732 1325 893 1354 XXVIIII.
915 1324 961 1353 De
991 1324 1101 1352 zizania
1130 1328 1159 1351 et
1184 1323 1232 1351 tri-

772 1373 829 1401 tico
854 1378 882 1400 et
907 1380 1000 1409 grano
1019 1370 1127 1407 sinapis
1149 1375 1177 1398 et
1199 1369 1233 1397 de

772 1420 951 1448 messoribus
987 1423 1014 1446 et
1048 1426 1234 1446 consumma-

773 1467 860 1495 tione.

733 1648 828 1676 XXX.
851 1647 897 1675 De
922 1647 1080 1675 thensauro
1109 1646 1234 1674 abscon-

773 1695 833 1723 dito
874 1695 903 1722 in
945 1703 1017 1731 agro
1050 1698 1078 1721 et
1107 1693 1143 1721 de
1175 1697 1234 1720 rete

773 1742 862 1769 misso
878 1741 907 1768 in
922 1750 1000 1769 mare
1011 1744 1037 1768 et
1048 1748 1235 1768 consumma—

773 1789 860 1817 tione.

734 1835 845 1863 XXXI.
856 1834 915 1862 Ubi
925 1833 1005 1862 uenit
1015 1833 1064 1861 Ihs
1074 1832 1235 1861 inPatriam

776 1891 858 1910 suam
869 1886 895 1909 et
905 1881 972 1909 dicit
982 1879 1161 1917 Prophetam
1174 1879 1235 1907 sine

775 1930 887 1957 honore
902 1937 965 1956 esse
982 1928 1012 1955 in
1027 1927 1094 1955 loco
1110 1935 1170 1955 suo.

735 2264 862 2293 XXXII.
911 2264 970 2292 Ubi
1026 2263 1093 2291 dicit
1156 2262 1237 2300 quod

777 2311 913 2340 Herodes
930 2311 1040 2339 audiuit
1058 2311 1166 2339 famam
1182 2310 1236 2337 Ihu

777 2364 805 2387 et
828 2359 978 2396 quomodo
1002 2357 1164 2386 Iohannem
1186 2366 1235 2385 oe-

778 2406 847 2434 cidit
876 2410 904 2434 et
933 2405 969 2433 de
996 2405 1089 2441 capite
1117 2404 1177 2432 eius
1206 2404 1235 2430 in

778 2453 860 2481 disco
912 2457 940 2480 et
992 2452 1061 2488 quia
1103 2450 1236 2487 discipuli

778 2500 840 2528 eius
855 2499 1094 2527 renuntiauerunt
1109 2497 1146 2525 ad
1161 2497 1235 2524 Ihm.

1742 259 1780 288 29

1511 337 1544 360 K.

1323 385 1397 412 bene
1425 383 1521 411 facere
1550 387 1578 410 et
1606 390 1726 409 caecum
1755 386 1783 409 et

1323 436 1435 459 mutum
1455 430 1565 458 curauit
1580 434 1607 457 et
1622 429 1689 456 dicit
1704 428 1783 464 quod

1323 487 1411 506 nemo
1425 478 1509 505 intret
1524 477 1553 504 in
1566 476 1687 504 domum
1703 475 1783 503 fortis

1323 525 1377 552 nisi
1393 529 1458 552 ante
1473 532 1539 551 eum
1555 523 1651 559 alliget
1666 527 1694 550 et
1705 521 1784 558 quod

1323 573 1417 600 bonus
1442 571 1532 599 homo
1556 570 1592 597 de
1617 570 1697 597 bono
1720 568 1782 596 the-

1323 628 1409 647 sauro
1435 617 1542 655 profert
1563 618 1674 645 bonum
1695 620 1723 643 et
1748 615 1784 642 de

1323 666 1413 693 uerbo
1428 665 1537 693 ocioso.

1283 712 1441 741 XXXIIII.
1459 711 1517 739 Ubi
1527 711 1638 739 scribae
1648 715 1676 738 et
1686 709 1783 747 phari-

1324 759 1382 787 saei
1398 759 1514 795 signum
1529 762 1630 794 petunt
1645 757 1682 784 ab
1697 756 1755 783 ihu.

1282 945 1408 974 XXXV.
1419 944 1456 973 Et
1467 944 1567 973 dieunt
1577 943 1613 972 ad
1626 944 1684 971 ihm
1695 948 1786 971 mater

1323 998 1371 1020 tua
1386 997 1414 1019 et
1429 991 1531 1019 fratres
1547 991 1586 1018 tui
1602 990 1676 1018 fores
1692 994 1775 1017 stant.

1283 1038 1424 1067 XXXVI.
1457 1038 1569 1066 Sedens
1598 1037 1628 1064 in
1653 1036 1787 1064 nauicula

1324 1085 1494 1123 parabolam
1505 1084 1623 1121 exponit
1634 1083 1669 1111 de
1679 1083 1789 1111 semine

1325 1142 1412 1169 supra
1434 1137 1545 1169 petram
1561 1136 1587 1158 et
1603 1131 1632 1158 in
1648 1130 1738 1167 spinis
1760 1135 1789 1158 et

1326 1179 1436 1216 reliqua
1456 1184 1483 1206 et
1503 1178 1571 1205 dicit
1587 1177 1674 1205 uestri
1690 1182 1787 1205 autem

1326 1226 1401 1254 beati
1433 1224 1510 1253 oculi
1539 1224 1607 1261 quia
1633 1224 1732 1252 uident
1761 1227 1789 1250 et

1327 1282 1410 1301 aures
1426 1281 1499 1309 quae
1515 1271 1643 1299 audiunt.

1287 1319 1444 1348 XXXVII.
1463 1318 1637 1346 Parabolam
1653 1317 1688 1346 de
1704 1317 1787 1345 hom-

1328 1368 1375 1395 ine
1409 1367 1459 1404 qui
1494 1365 1648 1394 senfinauit
1677 1366 1789 1393 bonum

1329 1423 1429 1442 semen
1449 1413 1478 1440 in
1498 1421 1569 1449 agro
1585 1421 1638 1439 suo
1653 1416 1681 1439 et
1695 1411 1789 1439 inimi-

1329 1469 1379 1489 cus
1390 1458 1631 1496 superseminauit
1640 1458 1789 1486 zizaniam.

1288 1507 1460 1536 XXXVIII.
1486 1506 1532 1534 De
1561 1514 1653 1542 grano
1682 1505 1790 1542 sinapis

1328 1560 1355 1582 et
1371 1554 1514 1582 fermento
1525 1557 1554 1581 et
1564 1552 1643 1590 quod
1658 1552 1724 1580 iusti
1736 1552 1789 1579 ful-

1328 1602 1438 1639 gebunt
1454 1600 1535 1628 sicut.

1288 1648 1476 1676 XXXVIIII.
1508 1647 1554 1675 De
1578 1647 1713 1675 thesauro
1739 1646 1789 1673 ab-

1329 1695 1460 1724 scondito
1480 1694 1509 1722 in
1531 1703 1602 1730 agro
1618 1698 1645 1721 et
1661 1693 1696 1721 de
1712 1693 1790 1721 bona

1328 1742 1483 1779 margarita
1498 1746 1526 1769 et
1541 1741 1576 1768 de
1592 1749 1707 1777 sagena.

1288 2259 1393 2297 Deficit
1415 2259 1444 2287 K
1469 2267 1552 2294 usque
1574 2257 1614 2285 ad
1637 2266 1695 2293 cap.
1719 2256 1789 2284 LXI

1313 2310 1368 2335 tola
1379 2306 1502 2334 columna
1512 2315 1550 2333 ex
1564 2305 1651 2332 codice
1661 2305 1791 2333 abscissa.
