2209 3147
1127 403 1443 443 CAPITULA
1494 404 1561 444 IN

479 521 597 552 Capilula
609 524 707 544 exstant
719 521 747 544 in
760 520 958 544 ACDQPGHQJ
976 519 1097 550 (capilula
1109 523 1131 542 et
1142 519 1237 549 breues)
1251 519 1431 550 KOQTVXY.

476 563 575 586 Desunt
592 566 675 585 aldem
694 562 721 585 z'n
744 561 1016 589 BEFILMNFPRWZ,
1034 564 1056 584 et
1068 568 1115 592 vg„
1135 561 1296 592 omnibusque
1314 569 1372 592 quos
1389 561 1502 584 uidimus
1520 561 1572 585 cdd.
1586 562 1708 593 antiquis.
1723 571 1772 586 exc.
1785 563 1874 586 Kaesler
1888 564 1949 594 1487
1962 563 1991 586 in
2008 570 2055 594 quo

443 604 547 627 habetur
559 603 692 634 registrum
705 603 786 634 capita
798 603 839 625 xvi
854 602 987 626 continens.

1614 405 2048 446 EUANGELIUM

476 645 570 668 Inscr.:
592 644 713 675 incipiunt
730 644 839 675 capitula
856 644 991 667 lectionum
1010 643 1042 672 A,
1055 642 1176 674 incipiunt
1194 643 1303 674 capitula
1321 651 1403 667 marco
1417 644 1450 672 H,
1465 643 1585 674 incipiunt
1602 644 1669 668 tituli
1683 638 1751 668 sffi
1768 653 1878 669 marcum
1891 645 1923 675 V,
1936 644 2055 676 incipiunt

442 686 565 717 capitulae
583 686 715 709 seeundum
733 693 857 709 marcum:
882 685 1002 716 incipiunt
1019 685 1129 715 capitula
1147 684 1282 708 lectionum
1295 685 1324 713 Y,
1339 685 1426 716 incipit
1443 685 1556 709 aelencus
1569 684 1598 714 C,
1612 686 1699 717 incipit
1718 686 1864 718 capitulatio
1882 686 2055 718 parabolarum

684 769 795 793 AHVY.

444 817 579 841 Edidimus
591 825 621 840 ex
633 817 708 840 codice
720 817 744 840 A
757 817 804 847 (ed.
822 817 846 840 T
844 817 914 845 isch.)
929 825 984 839 cum
1002 817 1046 840 col-

476 856 567 879 latione
584 855 648 879 codd-
663 856 716 878 rell.
730 855 759 886 cs.
777 856 802 878 T
799 855 948 884 homasium,
963 855 1011 878 uol.
1025 855 1047 878 l.

472 898 499 925 p.
513 901 568 924 303.

446 1108 468 1136 Ι.
495 1108 597 1136 Esaiae
626 1108 792 1136 testimonio
825 1107 966 1135 iohannes
996 1116 1046 1134 an-

486 1155 568 1193 gelus
587 1155 616 1183 id
638 1160 680 1183 est
702 1155 819 1183 nuntius
841 1154 1000 1192 appellatur
1020 1159 1048 1182 et

486 1201 662 1239 praedicatio
684 1202 745 1230 eius
766 1201 983 1239 baptismusque
1003 1211 1047 1229 re-

487 1249 580 1277 fertur.

446 1343 485 1371 11.
515 1342 646 1370 Christus
682 1342 853 1379 praedicans
890 1342 1048 1378 baptizatur

487 1390 536 1418 ubi
566 1390 695 1417 trinitatis
725 1389 858 1427 panditur
884 1398 1048 1417 sacramen-

486 1442 556 1465 tum.

446 1484 501 1512 111.
525 1483 569 1511 De
591 1483 743 1511 uocatione
766 1483 838 1520 petri
862 1482 985 1511 andreae
1009 1483 1047 1510 ia-

487 1531 551 1559 cobi
566 1536 593 1558 et
609 1530 742 1558 iohannis
757 1530 941 1566 piscatorum.

446 1625 516 1654 IIII.
540 1625 575 1653 In
597 1633 748 1662 synagoga
768 1624 804 1652 de
824 1623 944 1652 homine
966 1624 1047 1661 spiri-

486 1677 547 1700 tum
557 1671 730 1699 inmundum
746 1676 923 1699 metuentem
934 1675 961 1698 et
977 1680 1047 1698 con-

486 1719 615 1747 fitentem
634 1718 781 1755 expellens
801 1727 853 1746 sua
871 1719 908 1746 ab
926 1717 1048 1746 homini-

487 1766 540 1794 bus
556 1770 699 1802 potestate
714 1765 853 1793 laudatur.

446 1811 482 1839 V.
503 1812 530 1839 A
542 1820 627 1839 socru
639 1810 710 1847 petri
722 1810 799 1838 febre
811 1810 900 1838 uerbo
912 1815 1047 1846 tactuque

487 1858 607 1895 depulsa
632 1857 710 1885 uaria
738 1862 859 1885 cunctos
884 1856 1047 1884 infirmitate

487 1904 604 1933 curauit.

448 2037 499 2066 Vl.
526 2037 673 2075 Leprosus
702 2037 793 2065 uerbo
823 2045 881 2074 quo
911 2036 949 2064 ait
980 2036 1048 2063 uolo

488 2085 643 2113 mundatur
679 2089 706 2112 et
742 2084 852 2112 curatio
890 2083 1049 2120 paralytico

489 2141 555 2160 cum
589 2132 757 2160 remissione
786 2130 916 2158 tribuitur
945 2138 1049 2167 pecca—

488 2183 592 2207 torum.

448 2226 515 2254 VII.
538 2226 609 2254 Leui
622 2226 669 2264 qui
685 2230 713 2253 et
728 2224 870 2252 mattheus
883 2224 918 2251 de
933 2223 1049 2251 teloneo

488 2278 608 2301 uocatur
623 2278 650 2300 et
668 2282 722 2310 pro
742 2271 963 2308 publicanorum
979 2279 1049 2298 con-

489 2320 566 2348 uiuio
590 2319 716 2357 querella
741 2318 787 2346 uel
809 2317 935 2346 obiectio
956 2316 1050 2354 phari—

1201 769 1269 792 (ΞΘΤ
1281 769 1357 793 Harl.
1373 775 1444 800 2797.

1102 813 1140 844 Cf.
1158 814 1326 842 Thomasium,
1340 815 1388 838 uol.
1402 815 1424 838 I.
1434 818 1462 845 j).
1475 821 1530 844 330.

1100 852 1237 875 Edia'imus
1253 861 1283 876 cx
1300 853 1375 876 (otlisc
1393 853 1413 876 C
1432 853 1550 876 adhibitis

1133 891 1161 914 in
1180 891 1274 914 notulis
1292 892 1454 914 uariantibus
1472 892 1548 915 lectio-

1134 930 1214 957 nibus,
1237 930 1339 961 &scepsis
1367 931 1400 953 iis
1428 939 1490 961 quae
1518 931 1553 953 ad

1133 969 1335 1000 orthographiam
1347 973 1461 1000 spectant.
1497 970 1550 992 Lit-

1132 1012 1198 1031 lemn*
1210 1008 1332 1038 nigriores
1342 1008 1371 1031 in
1380 1008 1456 1031 codice
1466 1008 1550 1031 rubri-

1132 1051 1198 1070 catae
1209 1050 1276 1069 sunl.

1100 1101 1128 1128 Ι.
1151 1101 1200 1127 De
1226 1101 1376 1128 Iohanne
1402 1101 1551 1128 babtista

1181 1150 1236 1175 aet
1250 1148 1346 1175 uictu
1361 1149 1415 1175 aet
1431 1148 1551 1175 habitu

1181 1195 1281 1222 aeius.

1142 1240 1186 1269 De
1200 1240 1344 1268 babtismo
1356 1240 1410 1268 Ihu
1421 1245 1447 1268 et
1460 1246 1550 1277 tcmp-

1182 1288 1289 1315 tatione
1304 1287 1391 1315 aeius.

1143 1476 1259 1504 Petrum
1289 1476 1427 1504 andream
1453 1480 1480 1503 et
1508 1475 1552 1502 Ia-

1184 1523 1291 1551 cobum
1330 1528 1357 1550 et
1398 1522 1552 1550 Iohannem

1183 1570 1264 1606 sequi
1283 1570 1368 1597 iubet.

1143 1615 1187 1644 De
1213 1616 1330 1644 homine
1352 1617 1401 1653 qui
1423 1618 1488 1652 spm
1510 1616 1553 1643 in-

1184 1663 1431 1691 mundumhabuit
1442 1668 1551 1691 sanato.

1101 1806 1148 1833 11.
1178 1807 1226 1833 De
1268 1812 1367 1832 socru
1405 1805 1493 1838 petri
1532 1813 1551 1832 a

1181 1852 1333 1879 febribus
1363 1852 1550 1879 liberatam.

1143 2032 1187 2060 De
1204 2032 1326 2069 leproso.

1144 2079 1187 2107 De
1203 2079 1367 2117 paralytico.

1145 2220 1281 2249 Iacobum
1313 2220 1376 2248 alfei
1404 2221 1484 2257 sequi
1512 2220 1552 2247 iu-

1184 2268 1230 2295 bet
1267 2272 1335 2304 aput
1371 2276 1457 2304 quem
1488 2275 1553 2294 cum

1185 2314 1345 2351 publicanis
1360 2313 1498 2342 conbibit.

1618 770 1635 793 J
1649 770 1753 799 (breim)
1763 770 1810 793 ΟΧ
1821 771 1882 793 Par.
1894 770 1951 793 Lat.
1967 769 2054 800 10438.

1605 816 1642 846 Cfi
1662 816 1746 838 Tham.
1759 816 1780 838 I.
1793 823 1817 846 p.
1830 816 1885 844 328.

1603 855 1740 878 Edidimus
1752 862 1782 877 cx
1794 854 1869 877 codice
1886 854 1908 877 O
1926 853 2055 877 uarianti-

1635 894 1678 916 hus
1691 894 1838 921 lar-tionibus,
1855 893 1908 916 nisi
1919 893 1953 916 ad
1963 900 2055 916 meram

1635 932 1836 962 orthographiam
1846 931 2016 962 spectantibus,
2027 931 2056 954 z'n

1636 971 1729 994 notulis
1741 971 1869 994 adhibitis.

1603 1101 1625 1129 Ι.
1652 1100 1695 1129 De
1721 1100 1847 1129 iohanne
1875 1100 2001 1137 baptista
2029 1105 2057 1128 et

1644 1148 1755 1176 uictum
1767 1153 1795 1175 et
1806 1147 1915 1175 abitum
1927 1146 2056 1175 eiusdem

1644 1195 1804 1232 baptizatus
1820 1195 1862 1223 ihs
1877 1199 1905 1222 et
1922 1198 2057 1222 temtatus

1645 1248 1720 1270 urelt.

1606 1618 1644 1645 ΙΙ.
1667 1617 1784 1645 Petrum
1800 1623 1827 1645 et
1846 1623 1957 1646 ceteros
1977 1617 2058 1654 sequi

1645 1665 1723 1692 iubet
1738 1664 1887 1692 hominem
1906 1665 1942 1693 ab
1961 1664 2059 1702 spiritu

1645 1711 1786 1740 inmundo
1801 1711 1883 1749 eripit

1603 1816 1718 1835 socrum
1745 1806 1816 1843 petri
1839 1815 1856 1833 a
1878 1805 2003 1834 febribus
2027 1805 2058 1832 li-

1644 1854 1724 1881 berat
1735 1858 1762 1881 et
1779 1852 1849 1881 alios
1861 1852 1967 1880 multos
1979 1857 2059 1881 curat

1644 1901 1778 1929 iacobum
1797 1899 1892 1936 alphei
1912 1899 1992 1937 sequi
2016 1899 2058 1927 iu-

1645 1948 1691 1976 bet
1716 1952 1743 1975 et
1769 1946 1878 1974 iudaeis
1904 1947 1972 1974 dicit
1998 1955 2057 1974 non

1646 2004 1708 2023 esse
1725 2003 1799 2032 opus
1815 1994 1891 2022 sanis
1903 1993 2057 2022 medicum.

482 2397 501 2420 Ι.
520 2396 686 2420 testimonium
700 2397 730 2419 Y.

482 2429 529 2452 111.
547 2431 620 2456 petri
630 2436 645 2452 ψ
655 2433 678 2452 et
695 2430 779 2452 Tlmm.

451 2461 512 2516 HV.
526 2469 623 2485 socrum
638 2462 671 2485 H,
701 2463 814 2493 factuque
825 2460 856 2485 Y.
884 2459 1049 2484 infirmitatem

480 2512 527 2549 'VL
547 2534 604 2549 uero
617 2535 663 2557 que
676 2527 710 2549 ait
725 2527 758 2550 ΙΙ.

450 2596 475 2615 ta
484 2559 544 2621 {7112}
560 2560 769 2586 pharisaeorum
780 2566 794 2583 ψ
804 2559 916 2583 adhibita
928 2558 951 2581 ΙΙ
962 2558 1052 2588 (-habi-

1137 2395 1154 2417 l.
1177 2399 1203 2420 >
1217 2399 1239 2417 ct
1255 2394 1370 2417 andream
1388 2394 1472 2417 Yham.
1507 2401 1552 2416 om.

1103 2431 1200 2451 sanato
1212 2427 1235 2449 Θ
1248 2430 1270 2450 cl
1281 2427 1353 2450 Αἶαν,
1367 2433 1395 2456 14
1407 2431 1445 2457 ap.
1460 2426 1544 2449 Thom.

1138 2460 1171 2484 ΙΙ.
1191 2460 1293 2483 liberata
1308 2463 1380 2489 stam
1393 2459 1426 2481 Θ)
1438 2466 1452 2481 *r
1462 2463 1485 2482 ct
1498 2459 1554 2481 aliis

1104 2493 1186 2516 multis
1196 2500 1258 2523 quos
1271 2492 1307 2515 ins
1319 2492 1424 2515 saluauit
1434 2493 1456 2513 (⁸)
1468 2491 1553 2519 llarl„

1110 2526 1201 2553 fluam„
1213 2525 1254 2548 scd
1266 2525 1338 2548 Alma
1356 2531 1384 2554 14
1397 2532 1451 2547 sum
1465 2525 1485 2547 C
1499 2532 1554 2546 (011-

1104 2559 1193 2581 mrdal.
1241 2559 1389 2580 Iacobum:
1421 2557 1496 2580 Lcuin
1523 2559 1553 2578 (··).

1109 2595 1132 2616 >
1147 2591 1212 2613 iubet
1236 2590 1302 2621 sequi
1326 2593 1348 2613 (ἡ)
1376 2593 1398 2612 c!
1418 2598 1434 2614 ψ
1454 2589 1494 2620 qui
1524 2590 1554 2611 (··).
1581 2599 1583 2613 t

1105 2623 1214 2646 emuniuit
1235 2625 1257 2645 (¹)
1282 2623 1354 2646 Ales.
1378 2629 1413 2650 14.
1439 2622 1552 2645 conbibat

1112 2656 1194 2681 Thom,

1640 2392 1659 2415 I.
1677 2396 1700 2415 et
1714 2392 1780 2414 uictu
1789 2395 1811 2414 et
1825 2391 1912 2414 habitu
1921 2391 1955 2413 Oc
1965 2390 2055 2419 (ab.)X

1611 2425 1709 2452 7'ham.;
1728 2424 1758 2447 de
1769 2424 1834 2447 uictu
1844 2427 1867 2446 et
1878 2423 1933 2446 hab.
1944 2423 1971 2446 J.
1996 2423 2040 2446 ihs
2051 2432 2054 2445 :

1606 2457 1722 2480 dominus
1739 2457 1823 2480 Thom.

1640 2490 1672 2513 ΙΙ.
1700 2494 1726 2516 >
1751 2488 1870 2512 inmundo
1898 2488 1986 2519 spiritu
2011 2489 2025 2511 ,J
2034 2488 2054 2511 X

1612 2523 1695 2546 lem.
1732 2522 1827 2545 medico
1838 2522 1864 2544 J.
