2209 3147
404 245 466 275 688

693 340 754 363 Par.
767 340 822 363 Lat.
838 339 871 363 6¹.

444 393 581 420 occidunt
600 394 702 421 missos
720 394 757 421 ad
777 403 807 422 se
823 416 829 422 .
846 399 873 422 et
895 394 929 422 de
949 395 993 422 his
1013 396 1062 432 qui
1083 395 1155 423 inui-

445 440 493 468 tati
522 440 559 467 ad
588 441 707 476 nupcias
737 441 834 469 uenire
863 446 1075 479 contempnunt
1100 464 1105 470 .
1129 448 1157 470 et

445 486 522 523 quod
539 487 577 514 ait
593 486 717 515 aufertur
732 497 748 515 a
763 489 847 516 uobis
867 498 989 525 regnum
1005 511 1010 516 .
1027 494 1053 516 et
1070 489 1105 516 de
1121 498 1156 516 eo

444 534 493 571 qui
509 540 618 562 uestem
634 543 693 562 non
709 535 774 563 abet
790 535 962 572 nupcialem.

406 625 545 666 [LXIII]
568 627 662 656 LXII.
685 628 730 657 De
749 638 846 657 cesare
868 635 895 657 et
918 639 1007 657 numo
1025 651 1030 656 .
1046 635 1073 657 et
1092 629 1155 657 red-

445 674 501 702 dite
517 684 574 712 que
589 676 678 703 cesari
693 682 758 704 sunt
775 677 866 704 cesari
883 698 888 703 .
904 682 931 705 et
948 686 1004 714 que
1025 682 1090 705 sunt
1111 676 1156 705 dei

445 722 509 749 deo.

404 765 560 807 [LXIIII].
583 767 688 797 LXII'.
711 769 755 798 De
777 770 894 798 muliere
910 776 1021 807 septem
1037 770 1154 798 fratrum

444 824 533 844 uxore
548 825 565 843 a
580 816 709 844 saduceis
725 818 840 854 questio
856 817 1014 854 proposita.

405 860 526 901 [LXV]
556 862 676 891 LXHP.
707 864 752 892 De
775 864 889 892 duobus
912 865 1054 892 mandatis
1076 864 1155 901 quod

443 910 472 937 in
490 910 558 946 ipsis
575 910 617 938 lex
634 911 759 947 pendeat
775 917 803 939 et
825 911 984 948 prophetae
1001 933 1006 939 .
1023 917 1050 939 et
1068 912 1154 940 inter-

443 963 525 994 rogat
551 957 594 985 ihs
621 957 720 985 iudeos
745 958 779 986 de
804 961 862 994 xpo
883 959 964 986 cuius
991 959 1064 986 filius
1088 959 1123 987 sit
1149 980 1154 986 .

442 1009 470 1032 et
492 1013 566 1041 quae
589 1004 688 1032 dicunt
711 1005 806 1032 farisei
830 1005 962 1033 facienda
987 1028 992 1033 .
1016 1010 1044 1034 et
1066 1006 1153 1034 nolite

442 1051 539 1079 uocari
556 1052 635 1079 rabbi
652 1073 658 1080 .
674 1057 701 1079 et
717 1052 765 1089 qui
783 1061 812 1079 se
829 1052 958 1080 humiliat
974 1053 1153 1081 exaltabitur.

402 1143 538 1184 [LXVI]
572 1145 663 1173 LXV.
694 1146 744 1174 Ihs
770 1145 889 1175 fariseos
916 1147 1043 1184 increpat
1067 1153 1096 1175 et
1119 1148 1154 1176 de

442 1192 550 1229 templo
564 1197 592 1220 et
607 1201 676 1221 auro
690 1216 694 1220 .
707 1193 743 1220 de
759 1192 839 1221 altari
854 1199 882 1221 et
898 1194 976 1222 dono
994 1216 999 1221 .
1015 1194 1050 1222 de
1066 1194 1154 1223 calice

442 1245 469 1267 et
484 1239 520 1267 de
535 1239 631 1267 catino
647 1261 652 1267 .
668 1245 694 1268 et
711 1240 746 1267 de
763 1241 904 1278 sanguine
921 1241 1137 1278 prophetarum.

402 1330 553 1372 [LXVII]
584 1333 693 1361 LXVI.
732 1334 829 1362 Hirim
853 1344 928 1372 quae
952 1336 1060 1364 occidis
1086 1345 1151 1372 pro-

441 1379 543 1416 phetas
566 1386 617 1408 .et
649 1381 787 1409 ammodo
820 1390 881 1409 non
914 1391 960 1410 me
990 1382 1122 1411 uidebitis
1145 1404 1151 1411 .

440 1432 467 1455 et
497 1427 627 1465 discipuli
664 1427 842 1456 hostendunt
872 1429 898 1457 ei
928 1429 1151 1458 hedificaciones

441 1477 548 1513 templi.

400 1569 569 1610 [LXVIII].
593 1571 717 1599 LXVII.
744 1572 793 1600 Ihs
815 1573 975 1609 discipulos
997 1580 1151 1610 premonet

441 1618 476 1645 de
490 1618 545 1646 fine
561 1619 660 1647 mundi
672 1641 677 1647 .
689 1619 725 1647 de
740 1620 1004 1657 pseudoprophetis
1017 1643 1022 1648 .
1035 1627 1063 1649 et
1078 1622 1150 1650 anti-

440 1667 499 1701 xpo
515 1665 567 1693 .de
580 1667 715 1694 omnibus
731 1667 830 1695 malis.
843 1673 870 1695 et
887 1668 922 1696 de
937 1668 1063 1696 aduentu
1080 1678 1150 1697 suo.

439 1712 506 1749 quia
522 1713 621 1740 beatus
640 1722 737 1741 seruus
759 1714 805 1742 ille
821 1723 908 1752 quern
928 1715 1049 1743 ueniens
1072 1716 1151 1743 inue-

440 1760 512 1787 nerit
528 1760 702 1796 uigilantem.

400 1850 584 1893 [LXVIIII].
607 1853 745 1883 LXVIII.
776 1855 820 1883 De
844 1856 945 1884 decem
967 1857 1150 1893 uirginibus.

439 1906 467 1928 et
483 1901 518 1929 de
533 1901 645 1929 talentis
661 1902 788 1940 quinque
804 1903 916 1932 duobus
934 1909 962 1931 et
978 1913 1047 1932 uno.

399 2264 521 2305 [LXX]
545 2264 693 2294 LXVHU.
718 2265 762 2294 De
782 2269 987 2303 segregacione
1006 2276 1147 2304 agnorum

439 2318 467 2341 et
481 2313 628 2341 aedorum.

399 2357 523 2398 [LXXI.
548 2358 607 2398 D]e
627 2360 744 2388 muliere
760 2370 833 2398 quae
854 2366 1001 2398 unguento
1026 2362 1147 2398 perfudit

440 2413 524 2444 caput
542 2407 588 2434 ihu
605 2430 610 2435 .
627 2415 653 2434 et
672 2408 757 2435 mittit
777 2408 820 2435 ihs
835 2408 989 2444 discipulos
1005 2408 1031 2435 in
1049 2410 1146 2437 ciuita-

439 2459 496 2481 tem
513 2454 548 2481 ad
565 2455 710 2491 quendam
727 2462 755 2482 ut
777 2461 961 2491 prepararent
977 2456 1091 2491 pascha.

431 2558 498 2581 Lxl.
517 2560 642 2582 aufertur
658 2564 729 2590 121.p.;
747 2560 861 2583 aussertur
872 2568 917 2583 cor.

432 2597 536 2625 [LXXI.
558 2597 606 2627 D];
623 2599 707 2621 omasi!
723 2599 800 2622 ssribcz
812 2602 835 2622 el
851 2607 984 2622 numerum
998 2603 1020 2622 el
1035 2600 1146 2630 primam

397 2635 497 2658 literam
509 2636 620 2666 capituli.

1062 249 1172 278 EPIL
1180 249 1235 278 OG
1243 250 1303 278 CS.

1504 345 1581 368 Harl.
1596 350 1665 376 2790.

1250 398 1320 425 dnm
1335 407 1386 434 per
1401 398 1541 426 occisum.

1210 445 1335 472 LXIIII.
1359 445 1395 473 Et
1418 445 1472 473 alia
1493 445 1560 473 item
1583 446 1721 483 parabola
1744 447 1819 484 regis
1842 448 1957 485 nuptias

1251 491 1308 520 filio
1324 492 1486 520 celebranti.

1210 635 1301 662 LXV.
1324 634 1368 663 De
1384 636 1506 663 caesaris
1521 645 1617 664 censu.

1208 775 1317 804 LXVI.
1347 776 1514 813 Temptatio
1550 781 1651 814 utpute
1685 777 1811 806 mulieris
1847 784 1959 815 septem

1249 824 1326 851 uiros
1341 823 1480 852 habentis.

1208 869 1332 898 LXVII.
1354 870 1411 898 Ubi
1438 871 1481 899 ihs
1504 871 1671 907 pharisaeos
1695 872 1854 908 interrogat
1878 872 1959 900 cuius

1249 917 1282 945 sit
1297 918 1371 946 filius
1387 940 1392 945 .
1409 920 1463 954 xps
1481 918 1639 955 discipulos
1657 919 1812 955 turbasque
1833 928 1958 947 monens

1248 974 1349 993 eorum
1365 965 1578 993 adtendendam
1590 965 1751 993 doctrinam
1768 966 1884 1003 uitaque
1895 975 1958 994 esse

1248 1012 1417 1041 cauendam.

1208 1154 1347 1182 LXVIII.
1370 1154 1415 1182 De
1438 1154 1584 1191 proselyto
1599 1163 1627 1182 et
1646 1154 1807 1183 iuramento
1822 1154 1857 1182 de
1878 1155 1957 1183 deci-

1248 1201 1422 1230 mationibus
1438 1201 1472 1229 de
1489 1201 1578 1229 culice
1594 1206 1621 1229 et
1637 1201 1750 1230 camelo
1765 1201 1800 1229 de
1816 1202 1957 1230 emunda-

1248 1249 1324 1276 tione
1339 1248 1435 1276 calicis
1449 1254 1491 1275 .et
1508 1248 1668 1285 parabsidis
1684 1248 1727 1276 ihs
1742 1249 1848 1277 scribas
1864 1250 1957 1277 incre-

1248 1300 1296 1332 pat
1312 1301 1340 1323 et
1355 1295 1529 1332 pharisaeos.

1205 1342 1361 1370 LXVIIII.
1378 1342 1560 1370 Hierusaiem
1576 1343 1667 1379 arguit
1677 1351 1752 1379 quae
1767 1343 1872 1371 occidit
1887 1353 1954 1381 pro-

1245 1389 1346 1427 phetas
1362 1389 1503 1426 templum
1519 1389 1655 1426 praedicit
1671 1390 1851 1418 diruendum.

1205 1579 1295 1607 LXX.
1315 1578 1480 1615 Responsio
1491 1578 1537 1605 ihu
1550 1578 1740 1614 interrogatus
1750 1578 1786 1606 ab
1796 1578 1935 1615 apostolis
1946 1601 1952 1607 .

1245 1626 1280 1654 de
1296 1626 1357 1654 eius
1372 1626 1530 1654 aduentum
1547 1625 1672 1662 undique
1687 1624 1783 1653 finem.

1205 1867 1312 1896 LXXI.
1336 1867 1380 1895 De
1393 1868 1486 1896 decim
1499 1867 1656 1904 uirginibus
1695 1872 1723 1895 et
1735 1866 1847 1894 talentis
1863 1866 1953 1894 seruis

1245 1915 1362 1943 traditis.

1202 2280 1324 2308 LXXII.
1357 2279 1413 2308 Ubi
1443 2279 1497 2308 dns
1527 2279 1554 2307 in
1586 2288 1696 2308 morem
1729 2278 1851 2316 pastoris
1880 2287 1950 2307 oues

1241 2328 1383 2364 separauit
1405 2328 1442 2355 ab
1463 2327 1550 2355 aedis.

1201 2374 1340 2402 LXXIII.
1365 2375 1426 2402 Iam
1446 2383 1522 2402 nunc
1538 2373 1689 2402 consilium
1710 2373 1801 2400 iniunt
1816 2378 1845 2400 ut
1866 2373 1949 2400 morti

1241 2421 1353 2449 tradant
1369 2421 1532 2449 sacerdotes
1554 2421 1611 2448 ihm
1628 2420 1721 2456 capite
1738 2420 1797 2446 eius
1819 2428 1948 2455 unguen—

1241 2474 1301 2496 tum
1331 2468 1430 2496 effudit
1464 2467 1641 2496 recumbenti
1673 2467 1764 2494 maria
1793 2466 1947 2502 iudamque

1233 2565 1325 2589 LXVI.
1346 2568 1446 2593 utpute
1459 2573 1506 2588 mu
1520 2565 1548 2588 in
1561 2573 1610 2587 ras.
1624 2572 1670 2587 scr.

1235 2604 1312 2627 Lxx.
1331 2606 1485 2627 aduentum
1497 2605 1622 2631 uudjque
1634 2603 1669 2626 sic
1680 2602 1800 2626 diuisum.
