2209 3147
341 248 402 286 278

504 330 606 355 AHVY
613 330 690 354 Harl.
706 334 776 361 2797.

381 378 528 416 accipiens
551 378 586 405 de
609 386 639 405 se
665 375 815 413 impletum
839 375 941 403 dixerit

381 435 434 454 nec
459 425 565 453 habere
595 423 768 461 prophetam
796 423 940 450 honorem

381 474 410 500 in
423 472 513 509 patria
529 480 580 499 sua
594 471 682 499 relata
697 470 784 498 etiam
800 469 888 497 uidua
904 469 939 497 de

380 524 492 556 serapta
521 518 567 546 uel
600 517 705 554 leprosi
741 526 849 545 neman
883 517 939 553 syri

381 566 570 593 mundatione
607 565 686 602 quod
726 573 776 601 per
812 563 939 591 medium

381 622 481 641 eorum
504 612 553 649 qui
579 621 645 639 eum
670 611 704 639 de
730 615 831 639 monte
856 619 938 647 prae—

381 660 498 697 cipitare
528 658 667 686 uolebant
695 657 837 686 transierit
865 657 938 685 indi-

380 712 469 734 catur.

340 754 424 781 XIII.
448 752 645 781 Confitentem
660 752 689 780 in
705 760 856 789 synagoga
874 751 939 779 dae-

381 809 499 828 monem
515 799 593 837 pellit
608 808 642 827 ex
662 799 789 827 homine.

340 847 439 876 XIIII.
464 847 571 875 Socrus
586 847 659 884 petri
674 851 701 874 et
717 846 875 874 multorum
896 846 939 873 in-

381 896 531 923 firmorum
556 894 640 922 turba
669 898 785 921 sanatur
813 898 841 921 et
869 902 939 921 eon-

382 942 468 970 sessio
484 942 661 969 daemonum
677 940 852 977 prohibetur.

340 989 405 1017 XV.
428 989 552 1016 Duabus
574 987 714 1016 nauiculis
737 993 856 1024 captura
880 988 938 1024 pis-

381 1037 457 1064 cium
469 1036 498 1064 in
511 1036 601 1063 uerbo
612 1035 722 1063 domini
732 1039 849 1072 repente
860 1043 938 1062 com-

380 1083 463 1121 pletis
484 1083 569 1110 timor
591 1082 775 1119 pauescentis
797 1082 869 1118 petri
892 1090 937 1109 so-

380 1131 548 1166 ciorumque
563 1129 623 1157 eius
638 1129 764 1157 edicitur.

339 1177 420 1205 XVI.
444 1176 576 1214 Leproso
588 1176 730 1204 mundato
742 1175 822 1203 multi
834 1176 938 1203 uirtute

381 1224 489 1252 domini
506 1228 641 1251 curantur
655 1223 767 1251 infirmi.

339 1553 436 1581 XVH.
459 1552 652 1590 Paralyticum
670 1552 779 1581 nudato
797 1556 873 1580 tecto
896 1552 937 1580 di-

379 1601 500 1628 missum
520 1605 588 1628 ante
610 1609 640 1628 se
659 1604 686 1627 et
703 1609 719 1627 a
740 1600 864 1636 peccatis
879 1604 906 1627 et
922 1609 938 1627 a

379 1648 502 1686 paralysi
519 1652 608 1676 curat.

338 1789 452 1817 XVIII.
477 1788 549 1816 Leui
568 1788 618 1825 qui
638 1793 665 1816 et
686 1787 819 1815 matheus
841 1788 876 1816 de
897 1793 937 1816 te-

379 1836 466 1864 loneo
503 1840 624 1863 uocatur
653 1839 866 1863 murmurantes
902 1835 937 1863 de

379 1883 601 1921 publicanorum
638 1882 775 1910 conuiuio
814 1881 862 1910 uel
901 1882 937 1910 de

379 1930 487 1958 ieiunio
513 1929 641 1957 adhibita
670 1929 770 1966 sponsi
799 1934 827 1957 et
851 1929 937 1957 uesti-

379 1977 468 2004 menti
491 1986 525 2004 ac
549 1977 607 2004 uini
630 1976 699 2004 noui
722 1976 937 2013 comparatione

379 2024 532 2060 redarguit.

820 244 1046 274 CAPITULA
1074 244 1132 272 IN
1153 242 1471 272 EUANGELJIJM

1177 327 1253 359 cm.

1035 374 1169 403 Sabbatis
1193 382 1373 410 synagogam
1399 373 1441 400 in-

1075 429 1188 458 gressus
1199 419 1328 457 Ysayam
1342 429 1371 448 se
1384 420 1441 456 sig-

1075 477 1142 496 nare
1164 467 1218 495 hac
1243 467 1353 495 nullum
1375 476 1441 504 pro-

1073 514 1193 551 phetam
1217 515 1246 542 in
1272 514 1364 551 patria
1390 523 1442 542 sua

1074 562 1143 590 dicit
1158 566 1319 598 acceptum.

1032 609 1078 637 De
1099 618 1157 646 qua
1175 608 1283 637 electus
1306 613 1375 645 aput
1395 617 1441 636 ca—

1074 656 1237 694 pharnaum
1256 655 1406 684 hominem
1426 665 1442 684 a

1075 703 1232 732 daemonio
1257 703 1385 731 sabbatis
1411 703 1441 730 li-

1074 751 1164 778 berat.

1032 797 1070 825 Et
1106 806 1223 825 socrum
1261 796 1396 834 Symonis
1425 806 1442 824 a

1074 844 1209 872 febribus.

1032 892 1071 919 Et
1087 891 1196 920 multos
1211 891 1287 920 male
1302 891 1442 920 habentes

1074 944 1161 967 curat.

1032 985 1069 1014 Et
1084 986 1238 1014 daemonia
1253 995 1284 1014 se
1300 985 1441 1014 confiten-

1073 1033 1111 1060 tia
1130 1033 1266 1069 increpat.

1031 1079 1076 1108 De
1092 1080 1158 1108 naui
1174 1080 1347 1117 adloquitur.

1032 1127 1078 1155 De
1114 1136 1172 1164 qua
1207 1127 1300 1164 pisces
1336 1126 1442 1155 multos

1074 1175 1137 1211 capi
1154 1174 1227 1202 facit.

1033 1221 1091 1249 Ubi
1122 1222 1226 1249 aetiam
1255 1227 1369 1258 petrum
1395 1221 1441 1248 Io-

1073 1268 1200 1296 hannem
1237 1274 1265 1296 et
1300 1268 1441 1296 Iacobum

1073 1315 1179 1353 heligit.

1033 1362 1197 1399 Leprosum
1212 1362 1342 1390 mundat.

1033 1409 1068 1437 In
1084 1410 1197 1438 deserto
1213 1409 1303 1437 horat.

990 1553 1031 1580 V.
1064 1552 1295 1586 Paralyticum
1327 1552 1441 1579 djmis-

1073 1607 1148 1627 sum
1199 1607 1261 1633 per
1311 1601 1440 1626 tectum

1073 1648 1194 1674 Ihesus
1234 1654 1254 1674 a
1291 1646 1440 1680 peccatis

1073 1696 1128 1721 aet
1150 1694 1218 1721 hab
1243 1694 1440 1721 infirmjtate

1072 1742 1204 1769 liberat.

1032 1787 1104 1815 Leui
1139 1787 1327 1824 publicanum
1358 1787 1440 1824 sequi

1072 1835 1160 1863 iubet.

1031 1882 1112 1919 Aput
1127 1891 1216 1919 quem
1235 1882 1439 1909 murmuranti-

1071 1929 1125 1957 bus
1147 1929 1306 1966 pharisaeis
1331 1937 1439 1957 cenans

1072 1976 1138 2004 dicit
1165 1976 1243 2004 sanis
1269 1985 1330 2004 non
1358 1985 1439 2004 aesse

1073 2023 1166 2060 hopus
1182 2023 1336 2051 medicum.

1031 2070 1076 2098 De
1091 2070 1209 2107 geiunio
1224 2070 1375 2107 disputans
1390 2079 1439 2106 pa-

1072 2117 1202 2145 rabulam
1225 2117 1315 2154 panni
1338 2122 1365 2145 et
1387 2117 1438 2144 hu-

1071 2165 1157 2192 trium
1173 2164 1262 2201 ponit.

1496 326 1715 357 BQJwreuesz
1722 327 1943 358 Par.Lat.10438.

1536 382 1717 410 synagogam
1733 374 1841 401 esaiam
1856 374 1924 410 legit

1496 611 1531 639 de
1554 620 1611 649 qua
1631 611 1739 640 eiectus
1759 611 1907 640 hominem
1927 622 1944 640 a

1536 658 1678 687 daemone
1694 659 1820 687 sabbatis
1834 659 1935 688 liberat

1495 805 1522 828 et
1537 799 1643 828 multos
1657 799 1729 828 alios
1744 805 1824 829 curat

1495 1081 1530 1109 de
1547 1081 1613 1109 naui
1630 1081 1783 1118 alloquitur

1495 1137 1552 1165 qua
1569 1128 1662 1165 pisces
1677 1128 1783 1156 multos
1799 1127 1862 1175 capi
1877 1127 1943 1156 fecit

1495 1227 1522 1250 et
1532 1227 1646 1259 petrum
1658 1222 1816 1250 iohannem
1826 1227 1854 1250 et
1864 1221 1942 1250 iaco-

1536 1270 1605 1297 bum
1621 1269 1706 1305 elegit

1495 1364 1643 1401 leprosum
1658 1362 1779 1391 mundat

1494 1416 1522 1439 et
1536 1411 1566 1438 in
1582 1410 1695 1438 deserto
1711 1416 1782 1438 orat.

1495 1551 1531 1580 V.
1562 1551 1755 1588 Paralyticum
1792 1550 1942 1579 dimissum

1535 1608 1586 1636 per
1601 1604 1709 1627 tectum
1725 1603 1805 1626 curat

1493 1787 1548 1815 leui
1564 1787 1751 1824 publicanum
1767 1787 1848 1824 sequi
1864 1787 1942 1815 iubet

1492 1981 1520 2004 et
1537 1975 1694 2012 pharisaeis
1713 1975 1781 2004 dicit
1801 1983 1861 2003 non
1878 1984 1941 2002 esse

1533 2031 1607 2059 opus
1623 2022 1700 2050 sanis
1715 2022 1846 2050 medicus

370 2232 429 2255 XII.
448 2232 633 2255 mundationem
644 2232 678 2255 H.
707 2232 822 2263 quodque
832 2232 933 2254 VHarl.

369 2265 444 2288 XIII.
463 2267 626 2288 daemonem
636 2272 651 2288 ÷
662 2265 790 2296 potestatis
802 2264 852 2288 iure
866 2265 899 2288 H.

368 2298 423 2320 XV.
443 2297 533 2320 dieitur
545 2298 566 2320 V
576 2298 651 2321 Harl.

368 2330 438 2353 XVI.
458 2331 553 2353 uirtutis
566 2330 598 2353 H,

369 2363 452 2386 XVII.
480 2363 575 2393 peccati
604 2363 681 2387 Harl.
726 2366 804 2386 curat
824 2370 841 2387 ÷
861 2362 935 2386 solita

335 2396 441 2418 iussione
455 2396 488 2419 H.

368 2428 464 2451 XVIII.
484 2432 649 2451 murmurante
658 2429 749 2456 lla›·l.;
767 2435 783 2452 4-
792 2436 889 2459 quoque
900 2429 933 2451 H.

338 2464 364 2486 >
376 2461 433 2484 noui
446 2469 474 2484 ac
486 2461 536 2484 uini
551 2461 572 2483 V
581 2462 694 2485 Jlarlfvr·

1020 2232 1082 2255 1111.
1095 2233 1219 2255 sabbatis
1229 2238 1245 2255 -l-
1255 2232 1279 2255 in
1296 2232 1380 2255 leom.
1409 2239 1438 2255 se

987 2266 1098 2293 signare
1108 2273 1112 2288 :
1131 2265 1164 2288 al.
1179 2264 1239 2295 legit
1252 2264 1294 2288 ubi
1304 2265 1334 2288 de
1344 2272 1373 2288 eo
1383 2272 1438 2295 pro—

987 2298 1131 2328 phetauerat
1143 2301 1181 2328 ap.
1196 2298 1220 2321 T
1217 2297 1281 2321 hom.
1316 2299 1421 2321 electus
1432 2305 1436 2320 :

987 2331 1078 2354 eiectus
1100 2331 1185 2354 leom.
1220 2331 1337 2358 heligit:
1363 2329 1437 2361 elegit

991 2363 1076 2386 leom.

1020 2396 1050 2418 V.
1070 2395 1145 2418 Leuin
1160 2395 1243 2418 leom.
1273 2399 1297 2418 et
1306 2395 1336 2418 de
1346 2394 1438 2418 ieiunio

991 2428 1075 2452 leom.

1525 2230 1585 2253 1111.
1597 2238 1724 2261 synagoga
1732 2230 1843 2254 ιΪΤΙιοηῑ.
1872 2232 1942 2258 legit

1499 2270 1515 2286 ÷
1525 2263 1673 2294 prophetam
1693 2263 1721 2286 J.
1755 2263 1887 2286 daemonio
1908 2263 1939 2286 Θ.

1491 2296 1606 2319 nauicula
1627 2296 1653 2319 J.
1688 2295 1795 2326 loquitur
1813 2296 1848 2323 J;
1876 2302 1893 2319 4-
1909 2296 1941 2319 de

1493 2329 1535 2352 ΒΘ
1542 2329 1640 2357 Tlumz.;
1674 2334 1690 2352 ÷
1699 2336 1712 2352 e
1729 2329 1756 2351 J.
1799 2328 1857 2351 facit
1876 2328 1938 2351 ΒΘ]

1496 2362 1520 2385 Τ
1517 2361 1580 2384 Imm.
1606 2364 1717 2389 petrum
1725 2368 1741 2385 ψ
1750 2364 1773 2384 et
1784 2361 1845 2384 ΒΘ]
1854 2361 1878 2384 Τ
1875 2360 1939 2384 lzom.

1491 2402 1536 2418 om.
1543 2395 1782 2424 etpostiohannem
1788 2394 1818 2417 O.
1837 2393 1906 2423 eligit
1912 2393 1938 2417 J.

1524 2427 1554 2450 V.
1573 2429 1693 2450 teetum:
1713 2426 1802 2450 lectum
1818 2426 1888 2457 lapsu
1906 2426 1937 2448 X.

1463 2481 1465 2493 1
1491 2462 1570 2483 curat
1584 2466 1601 2483 4-
1616 2463 1640 2482 et
1663 2460 1689 2482 J.
1724 2459 1847 2482 medicum
1871 2458 1940 2482 Boo

1463 2509 1465 2529 !
1495 2492 1696 2520 Thom.‚medieo
1709 2492 1735 2515 J.
