2258 3157
364 253 420 284 xiv
466 252 744 281 PRAEFATIO.
793 250 889 280 CAP.
914 249 983 278 Ill.
1031 248 1247 278 CODJCUM
1267 246 1559 277 NOSTRORUM
1578 245 1837 275 ELENCHUS.

454 346 669 377 Hentcnianis
693 344 860 385 (Lugduni
888 355 907 374 a
936 343 1010 374 Gul.
1038 342 1170 372 Rouille
1196 349 1228 372 A.
1239 348 1272 371 D.
1304 340 1385 380 1569
1412 338 1591 381 impressis)
1614 339 1675 370 sub
1692 343 1770 369 nota
1788 338 1867 370 Uat.

453 399 547 438 9508.
595 397 814 428 Collationem
835 396 1000 435 impressit
1021 393 1221 425 Blanchinus
1244 392 1412 424 Uindiciac
1431 391 1577 423 canonic.
1597 391 1797 430 Scripturar.
1815 401 1869 430 pp.

453 450 649 481 xlvii—ccxvi
669 450 797 479 Romae
818 455 908 486 1740,
926 458 968 477 ex
986 457 1052 486 quo
1069 451 1206 486 apparet
1223 444 1266 485 (p.
1284 442 1380 485 ccxv)
1397 445 1428 474 in
1452 443 1584 474 Sixtina
1606 443 1794 473 recensione
1813 442 1869 472 ad-

453 503 593 532 hibitam
611 511 676 531 non
694 500 801 534 fuisse,
819 500 898 530 dicit
916 499 1003 529 enim
1021 502 1027 514 Α
1039 509 1111 528 sero
1129 498 1224 527 nimis
1241 497 1282 527 ad
1301 496 1396 527 Card.
1411 495 1551 526 Antonii
1566 494 1737 535 Caraphae
1755 504 1870 524 manus

454 551 622 593 peruenit.’
670 552 779 581 Primo
798 551 927 581 Romae
951 551 1035 580 hanc
1052 550 1275 583 collationem.
1294 548 1436 587 denique
1454 547 1599 578 codicem
1618 547 1724 587 ipsum
1743 546 1870 576 Matriti

455 605 592 636 contulit
609 605 632 634 Ι.
648 603 680 634 S.
697 603 787 634 1882.
832 603 939 633 Huius
952 602 1026 632 libri
1043 604 1177 632 ‘auctor
1194 598 1444 641 possessorque’
1465 598 1654 629 Seruandus
1667 599 1726 628 fuit
1744 598 1871 638 episco-

456 667 515 697 pus
528 656 767 696 Bastigitanae;
783 655 838 694 qui
853 654 1014 686 concessit
1026 652 1163 684 Iohanni
1175 651 1279 682 sodali
1291 662 1349 681 suo
1363 650 1639 691 posteaepiscopo
1651 649 1872 686 Cordubensi3

455 709 480 738 is
492 709 637 739 codicem
651 707 724 737 Deo
733 706 853 737 obtulit
868 711 899 737 et
913 704 1268 744 ecclesiaeHispalensi
1280 703 1408 733 decimo
1416 702 1481 732 kal.
1492 703 1559 733 Ian.
1569 712 1623 732 era
1631 708 1790 732 MXXVIz
1800 709 1872 731 A.D.

455 760 527 800 988.
562 759 624 799 (Cf.
637 759 723 789 And.
736 759 862 788 Merino
876 755 1280 796 EscztclaPaleographisa
1293 756 1358 785 tab.
1370 765 1390 784 v
1403 760 1436 785 et
1450 765 1503 794 pp.
1517 761 1632 794 53—59‚
1643 754 1768 784 Matriti
1786 754 1873 792 1780,

454 812 484 851 J.
504 812 626 841 Mufioz
647 822 669 851 y
687 811 810 841 Rivero
830 809 1045 849 Palcografla
1071 807 1225 848 l'z'szgoda
1249 807 1287 837 dc
1304 807 1350 837 los
1366 807 1463 845 szglos
1480 816 1500 836 v
1515 805 1551 836 al
1562 805 1621 841 xii,
1640 806 1729 836 tabb.
1747 805 1811 841 viii,
1829 806 1874 841 ix,

459 864 556 894 Matr.
571 863 661 900 1881,
676 863 791 893 Ewald
809 868 842 892 et
859 862 980 893 Loewe
993 860 1155 900 Exempla
1173 860 1363 898 Scripturas
1386 858 1576 897 l'iszgeticae
1591 868 1644 898 pp.
1658 865 1685 895 7,
1698 857 1715 886 8
1732 857 1799 887 tab.
1817 855 1875 897 ix.)

370 925 419 953 24.
435 916 477 947 U.
495 915 694 955 Fragmenta
713 914 855 945 Matthei
872 912 904 955 (i.
925 914 1008 943 1—iii.
1023 911 1056 954 4)
1070 918 1103 943 et
1121 911 1276 942 Iohannis
1293 909 1325 951 (i.
1342 909 1438 951 1-21)
1457 909 1739 945 Ultratraz‘cctina,
1753 910 1794 939 ad
1809 909 1874 939 cal-

455 977 525 998 cem
544 967 692 997 Psalterii
711 966 910 1002 Cottoniani,
924 976 948 995 s.
965 965 1032 995 VII
1051 964 1102 995 uel
1114 964 1265 1001 VIII‚ex
1283 962 1395 993 schola
1410 967 1445 992 ut
1462 962 1592 992 uidetur
1609 961 1874 995 Northumbrica,

455 1019 627 1050 Amiatino
644 1018 821 1049 simillima.
870 1017 1015 1047 Exstant
1039 1015 1301 1057 photographice
1323 1014 1489 1053 descripta
1511 1013 1542 1043 in
1560 1013 1709 1043 Psalterii
1730 1013 1875 1043 editione

456 1071 635 1108 notissima,
652 1080 737 1110 quae
754 1070 874 1110 prodiit
891 1080 977 1099 anno
998 1068 1089 1108 1873.
1137 1068 1175 1097 In
1193 1071 1341 1097 nostrum
1359 1076 1454 1095 usum
1472 1065 1610 1096 contulit
1629 1065 1677 1094 uir
1693 1075 1759 1095 reu.
1778 1064 1815 1095 C.
1832 1063 1874 1093 A.

459 1123 632 1162 Heurtley,
653 1122 822 1152 Professor
839 1121 1041 1152 Oxoniensis
1059 1120 1225 1150 Dominae
1242 1119 1460 1157 Margaretae.

373 1182 423 1214 25.
437 1175 477 1206 V.
504 1173 621 1205 Codex
639 1174 821 1204 Bibliorum
845 1172 1072 1203 l'allz'cellamzs
1089 1171 1125 1201 B.
1140 1171 1180 1207 vi,
1195 1181 1220 1201 s.
1237 1170 1297 1205 IX.
1312 1170 1440 1200 Romae
1456 1173 1614 1204 seruatus,
1628 1168 1683 1198 ubi
1696 1166 1742 1209 (in
1759 1168 1876 1198 biblio-

458 1227 553 1257 theca
578 1226 739 1256 ‘Vittorio
757 1223 960 1256 Emanuele’
977 1224 1082 1265 gratia
1098 1223 1260 1254 secretarii
1286 1220 1395 1262 Regii)
1417 1220 1556 1251 contulit
1575 1220 1599 1250 I.
1613 1219 1645 1250 S.
1662 1219 1750 1260 1883.
1788 1220 1878 1249 Inter

457 1278 674 1309 Alcuinianos
688 1288 771 1317 quos
789 1277 931 1307 uidimus
945 1277 1054 1306 locum
1072 1275 1214 1316 primum
1232 1274 1382 1305 obtinere
1400 1273 1528 1303 uidetur
1545 1277 1577 1302 et
1594 1272 1639 1302 sic
1656 1272 1756 1302 ctiam
1770 1272 1877 1302 amico

458 1335 571 1361 nostro
595 1329 741 1360 Samueli
760 1329 882 1368 Berger
899 1328 1029 1369 placet3
1054 1328 1110 1358 sed
1135 1337 1240 1366 neque
1262 1326 1409 1356 codicem
1428 1324 1722 1355 Uindobonensem
1742 1334 1760 1353 a
1778 1323 1878 1353 Lam-

459 1382 553 1413 becio
571 1382 615 1414 ΙΙ.
633 1392 663 1421 p.
681 1390 743 1421 403
761 1381 941 1417 laudatum,
959 1390 1065 1419 neque
1084 1379 1192 1409 Biblia
1210 1377 1468 1417 Bambergensia
1486 1376 1700 1416 inspeximus.
1745 1374 1880 1415 (Confer

459 1435 500 1465 de
527 1439 638 1464 nostro
664 1433 775 1463 codice
805 1432 974 1463 Blanchini
998 1431 1130 1471 Euang.
1150 1429 1358 1469 Quadruplex
1383 1429 1415 1459 ΙΙ
1440 1429 1507 1458 tab.
1529 1428 1582 1458 viii
1607 1432 1681 1468 post
1707 1437 1780 1467 pag.
1805 1427 1879 1456 600.

461 1486 610 1517 Ecclesia
625 1485 655 1516 S.
671 1485 798 1515 Mariae
813 1484 1029 1515 Uallicellana
1045 1483 1223 1522 aliquando
1239 1481 1387 1512 Ecclesia
1405 1481 1511 1515 Noua,
1524 1480 1604 1510 alias
1623 1479 1765 1510 Oratorii
1780 1478 1830 1509 uel
1846 1477 1879 1508 S.

462 1538 604 1577 Philippi
622 1537 701 1567 Neri
719 1537 845 1567 dicitur.
893 1535 1091 1566 Blanchinus
1112 1535 1181 1575 ipse
1198 1534 1350 1564 sacerdos
1368 1532 1510 1563 Oratorii
1527 1530 1611 1572 suit.)

376 1590 423 1620 26.
437 1589 489 1619 W.
515 1589 622 1619 Biblia
651 1599 731 1619 mus.
755 1588 834 1618 Brit.
855 1588 936 1628 Reg.
957 1587 980 1617 I.
1000 1587 1036 1617 B.
1054 1587 1101 1616 xii
1124 1596 1143 1616 a
1171 1585 1329 1616 Willelnm
1354 1585 1395 1615 de
1419 1584 1530 1620 Hales,
1550 1594 1609 1623 pro
1629 1582 1760 1613 Thoma
1788 1583 1828 1612 de
1851 1582 1881 1612 la

461 1641 548 1671 Wile
565 1641 722 1680 magistro
739 1640 924 1671 scholarum
943 1639 1069 1675 Sarum,
1086 1645 1160 1668 A.D.
1175 1642 1259 1675 1254
1275 1637 1423 1677 scriptus.
1472 1635 1656 1675 Euangelia
1673 1635 1882 1665 contulerunt

464 1694 508 1723 H.
525 1693 554 1733 J.
572 1693 625 1723 W.
643 1698 675 1723 et
693 1692 732 1723 G.
750 1692 795 1722 M.
812 1692 1022 1731 Youngman.

378 1753 427 1785 27.
442 1746 484 1776 X.
509 1745 625 1776 Codex
650 1744 908 1784 Euangeliorum
931 1743 1002 1774 coll.
1024 1742 1172 1781 Corporis
1191 1740 1317 1773 Christi
1340 1739 1622 1779 Cantabrigiensis
1643 1749 1692 1768 no.
1713 1738 1782 1775 286,
1799 1748 1883 1768 saec.

464 1802 500 1828 ut
517 1797 646 1827 uidetur
662 1796 739 1833 VII,
754 1796 841 1832 olim,
858 1805 922 1825 una
939 1805 1012 1825 cum
1032 1794 1071 1830 O,
1089 1793 1236 1825 coenobii
1256 1792 1289 1823 S.
1306 1792 1485 1832 Augustini
1504 1790 1757 1821 Cantuariensis.
1783 1789 1883 1819 Bent-

466 1849 527 1879 leio
545 1853 613 1879 erat
632 1848 668 1878 B.
716 1847 865 1878 Contulit
882 1847 983 1877 nostri
1006 1847 1114 1886 operis
1137 1846 1241 1886 gratia
1259 1845 1307 1874 uir
1325 1855 1386 1874 reu.
1405 1843 1447 1873 A.
1466 1842 1516 1872 W.
1535 1842 1681 1879 Streane,
1701 1842 1783 1872 Coll.
1803 1841 1883 1871 Cor-

465 1901 553 1941 poris
567 1900 687 1931 Christi
704 1900 820 1930 socius.
867 1898 952 1929 Cum
967 1898 1000 1928 A
1015 1898 1081 1928 fere
1094 1897 1273 1928 concordat
1288 1896 1341 1927 Xc.
1387 1894 1452 1936 (Cf.
1466 1894 1655 1925 Westwood
1669 1894 1767 1924 A.-S.
1778 1893 1846 1923 and
1856 1892 1883 1922 l.

466 1952 578 1982 MSS.
595 1963 649 1992 pp.
665 1961 716 1991 49,
737 1957 786 1989 50,
803 1951 843 1981 P.
863 1950 899 1980 S.
919 1950 961 1980 P.
985 1950 1052 1980 tab.
1073 1959 1121 1986 11,
1140 1958 1200 1986 1—4
1219 1953 1251 1979 et
1269 1948 1336 1978 Pal.
1355 1947 1428 1978 Soc.
1449 1947 1473 1984 1,
1490 1947 1580 1976 tabb.
1597 1955 1647 1986 33,
1665 1955 1715 1986 34,
1732 1943 1797 1986 44.)

382 2005 430 2035 28.
443 2004 484 2034 Y.
510 2004 627 2034 Codex
650 2003 908 2042 Euangeliorum
925 2001 1057 2032 Insulae
1073 2000 1360 2040 Lindiay‘arnensis
1377 2008 1459 2029 saec.
1477 1997 1647 2029 VII-VIII
1666 1998 1707 2028 ab
1726 1997 1885 2027 Eadfrido

467 2055 536 2097 (qui
556 2056 586 2086 in
604 2066 641 2086 ea
658 2056 735 2086 sede
753 2056 926 2095 episcopus
942 2053 1004 2083 suit
1020 2053 1113 2084 annis
1130 2054 1275 2092 698—721
1297 2059 1328 2081 A.
1338 2049 1386 2092 D.)
1402 2051 1538 2089 aliisque
1554 2050 1776 2089 conscriptu53
1800 2059 1885 2079 nunc

468 2118 549 2138 xnus.
566 2108 645 2138 Brit.
666 2106 801 2137 Cotton.
820 2107 910 2136 Nero
928 2106 969 2135 D.
987 2105 1037 2143 iv;
1062 2110 1094 2135 et
1113 2104 1272 2141 Bensseio,
1287 2108 1321 2133 ut
1340 2103 1443 2140 nobis,
1456 2102 1497 2132 Y.
1544 2101 1700 2132 Codicem
1714 2101 1886 2131 ediderunt

470 2160 652 2191 Stevenson
677 2164 708 2189 et
730 2158 868 2198 Waring
892 2156 1092 2196 1854-1865,
1115 2161 1147 2186 et
1170 2156 1222 2186 W.
1240 2155 1293 2185 W.
1311 2155 1423 2191 Skeat,
1445 2153 1593 2184 secundis
1614 2153 1699 2184 curis
1725 2152 1804 2192 1887
1827 2158 1885 2183 etc.

471 2212 591 2242 Denuo
613 2211 752 2242 contulit
775 2210 813 2240 G.
832 2210 878 2240 M.
896 2209 1103 2249 Youngman.
1151 2207 1236 2238 Cum
1260 2207 1432 2237 Amiatino
1456 2206 1602 2236 maxime
1623 2205 1810 2239 concordat,
1827 2205 1886 2234 sed

472 2274 570 2294 manu
588 2263 731 2303 Anglica
753 2273 816 2292 non
840 2261 954 2292 Italica
976 2261 1114 2300 scriptus
1135 2265 1193 2290 est.
1240 2258 1303 2300 (Cf.
1321 2258 1511 2288 Wcstwood
1529 2256 1628 2287 A.-S.
1645 2257 1715 2287 (md
1728 2257 1755 2287 J.
1772 2256 1886 2286 MSS.

473 2326 525 2355 pp.
543 2323 649 2355 33—39
668 2315 757 2345 tabb.
778 2322 825 2349 12,
848 2323 882 2354 13
901 2318 933 2343 ct
950 2313 990 2343 P.
1010 2312 1046 2343 S.
1063 2312 1104 2342 P.
1121 2312 1188 2342 tab.
1209 2319 1260 2350 45,
1286 2311 1371 2341 Mus.
1398 2310 1474 2340 Brit.
1501 2308 1673 2348 catalogue
1697 2314 1732 2339 ut
1757 2307 1837 2338 infra
1857 2318 1888 2347 p.

478 2373 524 2404 15,
540 2367 630 2396 tabb.
649 2365 742 2402 8—11‚
761 2366 825 2396 Pal.
845 2365 918 2395 Soc.
942 2365 966 2401 Ι,
983 2364 1074 2394 tabb.
1091 2364 1163 2404 3-6,
1183 2362 1247 2404 22.)

391 2426 439 2457 29.
457 2417 491 2447 Z.
515 2417 631 2448 Codex
650 2417 904 2458 Euangeliorum
922 2416 1134 2452 flarlciamts,
1150 2425 1233 2445 saec.
1250 2414 1298 2445 VI
1315 2413 1365 2444 uel
1383 2412 1461 2449 VII,
1478 2413 1533 2452 qui
1551 2412 1611 2442 fuit
1629 2412 1708 2442 olim
1726 2412 1791 2442 bib.
1806 2411 1888 2449 Reg.

478 2469 663 2499 Parisicnsis
679 2470 772 2508 4582,
790 2479 875 2499 nunc
899 2473 947 2499 est
965 2477 1046 2497 mus.
1065 2467 1141 2497 Brit.
1161 2466 1252 2497 Harl.
1274 2471 1364 2504 1775.
1412 2464 1488 2495 Fuit
1507 2464 1663 2499 Bentleio,
1681 2468 1716 2493 ut
1733 2463 1835 2499 nobis,
1852 2463 1888 2492 Z.

479 2520 633 2551 Codicem
649 2522 767 2560 partim
785 2520 924 2551 contulit
942 2518 1131 2549 Griesbach.
1145 2518 1195 2549 cui
1208 2518 1267 2548 fuit
1284 2517 1369 2547 lmrl.
1405 2515 1589 2557 (Symbolae
1604 2515 1750 2547 Crisia-ae,
1765 2514 1828 2544 uol.
1845 2514 1888 2549 II,

479 2571 585 2602 Halae
601 2571 705 2613 1785.)
752 2572 871 2602 Denuo
884 2571 1022 2602 contulit
1038 2571 1081 2600 H.
1093 2570 1121 2609 J.
1135 2569 1186 2599 W.
1201 2569 1322 2610 partim
1337 2569 1468 2599 adiutus
1481 2579 1499 2598 a
1517 2567 1691 2598 Frederico
1705 2566 1832 2596 Barone
1849 2567 1889 2596 de

482 2623 601 2663 I-I'ugcl‚
617 2624 706 2661 1884.
731 2623 793 2665 (Cf.
810 2623 892 2654 Mus.
906 2622 984 2654 Brit.
1000 2621 1172 2662 catalogue
1183 2621 1306 2652 utinsra
1320 2631 1350 2661 p.
1366 2629 1412 2659 14,
1423 2621 1489 2651 tab.
1501 2629 1530 2660 3,
1546 2619 1611 2649 Pal.
1625 2618 1697 2650 Soc.
1712 2618 1813 2655 I,tab.
1829 2615 1890 2659 16.)
