<?xml version="1.0" encoding="UTF-8"?>
<!DOCTYPE html PUBLIC "-//W3C//DTD XHTML 1.0 Transitional//EN"
    "http://www.w3.org/TR/xhtml1/DTD/xhtml1-transitional.dtd">
<html xmlns="http://www.w3.org/1999/xhtml" xml:lang="en" lang="en">
 <head>
  <title>
</title>
<meta http-equiv="Content-Type" content="text/html;charset=utf-8" />
  <meta name='ocr-system' content='tesseract 3.04.00' />
  <meta name='ocr-capabilities' content='ocr_page ocr_carea ocr_par ocr_line ocrx_word'/>
</head>
<body>
  <div class='ocr_page' id='page_1' title='image "./quattuoreuangeli00jero_0338.png"; bbox 0 0 2209 3147; ppageno 0'>
   <div class='ocr_carea' id='block_1_1' title="bbox 321 249 383 281">
    <p class='ocr_par' dir='ltr' id='par_1_1' title="bbox 321 249 383 281">
     <span class='ocr_line' id='line_1_1' title="bbox 321 249 383 281; baseline 0 -10"><span class='ocrx_word' id='word_1_1' title='bbox 321 249 383 281; x_wconf 84' lang='lat'>292</span> 
     </span>
    </p>
   </div>
   <div class='ocr_carea' id='block_1_2' title="bbox 322 324 925 1117">
    <p class='ocr_par' dir='ltr' id='par_1_2' title="bbox 485 324 756 354">
     <span class='ocr_line' id='line_1_2' title="bbox 485 324 756 354; baseline -0.007 -5"><span class='ocrx_word' id='word_1_2' title='bbox 485 325 587 349; x_wconf 82' lang='lat' dir='ltr'>AHVY</span> <span class='ocrx_word' id='word_1_3' title='bbox 595 324 672 347; x_wconf 75' lang='lat' dir='ltr'>Harl.</span> <span class='ocrx_word' id='word_1_4' title='bbox 687 329 756 354; x_wconf 87' lang='lat'><strong>2797.</strong></span> 
     </span>
    </p>

    <p class='ocr_par' dir='ltr' id='par_1_3' title="bbox 322 369 924 824">
     <span class='ocr_line' id='line_1_3' title="bbox 322 369 922 408; baseline -0.008 -7"><span class='ocrx_word' id='word_1_5' title='bbox 322 372 403 400; x_wconf 88' lang='lat' dir='ltr'>LIII.</span> <span class='ocrx_word' id='word_1_6' title='bbox 426 371 535 400; x_wconf 83' lang='lat' dir='ltr'>Pusillo</span> <span class='ocrx_word' id='word_1_7' title='bbox 555 370 635 408; x_wconf 86' lang='lat' dir='ltr'>gregi</span> <span class='ocrx_word' id='word_1_8' title='bbox 658 378 782 406; x_wconf 82' lang='lat' dir='ltr'>regnum</span> <span class='ocrx_word' id='word_1_9' title='bbox 804 369 922 406; x_wconf 86' lang='lat' dir='ltr'>promit-</span> 
     </span>
     <span class='ocr_line' id='line_1_4' title="bbox 362 417 923 456; baseline -0.009 -8"><span class='ocrx_word' id='word_1_10' title='bbox 362 425 425 448; x_wconf 86' lang='lat' dir='ltr'>tens</span> <span class='ocrx_word' id='word_1_11' title='bbox 441 417 618 456; x_wconf 85' lang='lat' dir='ltr'>possidenda</span> <span class='ocrx_word' id='word_1_12' title='bbox 629 417 676 445; x_wconf 91' lang='lat' dir='ltr'>uel</span> <span class='ocrx_word' id='word_1_13' title='bbox 689 425 824 454; x_wconf 87' lang='lat' dir='ltr'>possessa</span> <span class='ocrx_word' id='word_1_14' title='bbox 836 425 923 453; x_wconf 88' lang='lat' dir='ltr'>prop—</span> 
     </span>
     <span class='ocr_line' id='line_1_5' title="bbox 363 463 923 501; baseline -0.007 -7"><span class='ocrx_word' id='word_1_15' title='bbox 363 471 405 494; x_wconf 90' lang='lat' dir='ltr'>ter</span> <span class='ocrx_word' id='word_1_16' title='bbox 424 466 623 501; x_wconf 79' lang='lat' dir='ltr'>elemosynam</span> <span class='ocrx_word' id='word_1_17' title='bbox 641 463 728 492; x_wconf 88' lang='lat' dir='ltr'>uendi</span> <span class='ocrx_word' id='word_1_18' title='bbox 748 463 923 500; x_wconf 91' lang='lat' dir='ltr'>lumbosque</span> 
     </span>
     <span class='ocr_line' id='line_1_6' title="bbox 362 510 924 551; baseline -0.007 -10"><span class='ocrx_word' id='word_1_19' title='bbox 362 513 544 551; x_wconf 88' lang='lat' dir='ltr'>praecinctos</span> <span class='ocrx_word' id='word_1_20' title='bbox 572 517 600 540; x_wconf 91' lang='lat' dir='ltr'>et</span> <span class='ocrx_word' id='word_1_21' title='bbox 628 511 762 539; x_wconf 85' lang='lat' dir='ltr'>lucernas</span> <span class='ocrx_word' id='word_1_22' title='bbox 791 510 924 538; x_wconf 80' lang='lat' dir='ltr'>ardentes</span> 
     </span>
     <span class='ocr_line' id='line_1_7' title="bbox 362 557 923 595; baseline -0.007 -6"><span class='ocrx_word' id='word_1_23' title='bbox 362 569 426 589; x_wconf 87' lang='lat' dir='ltr'>esse</span> <span class='ocrx_word' id='word_1_24' title='bbox 441 560 546 588; x_wconf 86' lang='lat' dir='ltr'>debere</span> <span class='ocrx_word' id='word_1_25' title='bbox 561 559 639 587; x_wconf 91' lang='lat' dir='ltr'>iubet</span> <span class='ocrx_word' id='word_1_26' title='bbox 654 557 835 595; x_wconf 87' lang='lat' dir='ltr'>uigilandum</span> <span class='ocrx_word' id='word_1_27' title='bbox 851 566 923 595; x_wconf 92' lang='lat' dir='ltr'>quo-</span> 
     </span>
     <span class='ocr_line' id='line_1_8' title="bbox 361 605 923 645; baseline -0.007 -9"><span class='ocrx_word' id='word_1_28' title='bbox 361 616 420 645; x_wconf 91' lang='lat' dir='ltr'>que</span> <span class='ocrx_word' id='word_1_29' title='bbox 441 607 516 635; x_wconf 87' lang='lat' dir='ltr'>serui</span> <span class='ocrx_word' id='word_1_30' title='bbox 536 606 606 634; x_wconf 90' lang='lat' dir='ltr'>boni</span> <span class='ocrx_word' id='word_1_31' title='bbox 628 605 753 642; x_wconf 85' lang='lat' dir='ltr'>malique</span> <span class='ocrx_word' id='word_1_32' title='bbox 775 605 923 633; x_wconf 82' lang='lat' dir='ltr'>mentione</span> 
     </span>
     <span class='ocr_line' id='line_1_9' title="bbox 362 652 923 691; baseline -0.007 -8"><span class='ocrx_word' id='word_1_33' title='bbox 362 654 440 683; x_wconf 81' lang='lat' dir='ltr'>facta</span> <span class='ocrx_word' id='word_1_34' title='bbox 454 654 635 691; x_wconf 84' lang='lat' dir='ltr'>praecipiens</span> <span class='ocrx_word' id='word_1_35' title='bbox 651 661 768 681; x_wconf 88' lang='lat' dir='ltr'>seruum</span> <span class='ocrx_word' id='word_1_36' title='bbox 784 652 923 680; x_wconf 88' lang='lat' dir='ltr'>scientem</span> 
     </span>
     <span class='ocr_line' id='line_1_10' title="bbox 362 699 923 735; baseline -0.005 -6"><span class='ocrx_word' id='word_1_37' title='bbox 362 701 541 729; x_wconf 85' lang='lat' dir='ltr'>uoluntatem</span> <span class='ocrx_word' id='word_1_38' title='bbox 575 700 685 729; x_wconf 87' lang='lat' dir='ltr'>domini</span> <span class='ocrx_word' id='word_1_39' title='bbox 714 699 811 727; x_wconf 91' lang='lat' dir='ltr'>multis</span> <span class='ocrx_word' id='word_1_40' title='bbox 839 699 923 735; x_wconf 80' lang='lat' dir='ltr'>igno-</span> 
     </span>
     <span class='ocr_line' id='line_1_11' title="bbox 362 746 923 785; baseline -0.004 -9"><span class='ocrx_word' id='word_1_41' title='bbox 362 754 474 777; x_wconf 85' lang='lat' dir='ltr'>rantem</span> <span class='ocrx_word' id='word_1_42' title='bbox 489 757 560 776; x_wconf 92' lang='lat' dir='ltr'>uero</span> <span class='ocrx_word' id='word_1_43' title='bbox 576 747 676 785; x_wconf 82' lang='lat' dir='ltr'>paucis</span> <span class='ocrx_word' id='word_1_44' title='bbox 696 746 836 784; x_wconf 81' lang='lat' dir='ltr'>uapulare</span> <span class='ocrx_word' id='word_1_45' title='bbox 854 755 923 775; x_wconf 89' lang='lat' dir='ltr'>con—</span> 
     </span>
     <span class='ocr_line' id='line_1_12' title="bbox 362 796 465 824; baseline -0.01 0"><span class='ocrx_word' id='word_1_46' title='bbox 362 796 465 824; x_wconf 89' lang='lat' dir='ltr'>firmat.</span> 
     </span>
    </p>

    <p class='ocr_par' dir='ltr' id='par_1_4' title="bbox 323 842 925 1117">
     <span class='ocr_line' id='line_1_13' title="bbox 323 842 924 880; baseline -0.003 -9"><span class='ocrx_word' id='word_1_47' title='bbox 323 842 420 871; x_wconf 83' lang='lat' dir='ltr'>LIIII.</span> <span class='ocrx_word' id='word_1_48' title='bbox 439 843 543 880; x_wconf 84' lang='lat' dir='ltr'>Ignem</span> <span class='ocrx_word' id='word_1_49' title='bbox 553 842 582 870; x_wconf 90' lang='lat' dir='ltr'>in</span> <span class='ocrx_word' id='word_1_50' title='bbox 592 847 697 870; x_wconf 89' lang='lat' dir='ltr'>terram</span> <span class='ocrx_word' id='word_1_51' title='bbox 708 850 738 870; x_wconf 89' lang='lat' dir='ltr'>se</span> <span class='ocrx_word' id='word_1_52' title='bbox 749 842 815 869; x_wconf 87' lang='lat' dir='ltr'>dicit</span> <span class='ocrx_word' id='word_1_53' title='bbox 826 850 924 869; x_wconf 90' lang='lat' dir='ltr'>neces-</span> 
     </span>
     <span class='ocr_line' id='line_1_14' title="bbox 363 889 925 918; baseline -0.005 0"><span class='ocrx_word' id='word_1_54' title='bbox 363 890 522 918; x_wconf 87' lang='lat' dir='ltr'>situdinum</span> <span class='ocrx_word' id='word_1_55' title='bbox 548 889 691 917; x_wconf 88' lang='lat' dir='ltr'>diuisione</span> <span class='ocrx_word' id='word_1_56' title='bbox 718 889 873 916; x_wconf 88' lang='lat' dir='ltr'>missurum</span> <span class='ocrx_word' id='word_1_57' title='bbox 898 893 925 916; x_wconf 89' lang='lat' dir='ltr'>et</span> 
     </span>
     <span class='ocr_line' id='line_1_15' title="bbox 363 935 925 973; baseline -0.005 -8"><span class='ocrx_word' id='word_1_58' title='bbox 363 937 467 966; x_wconf 87' lang='lat' dir='ltr'>faciem</span> <span class='ocrx_word' id='word_1_59' title='bbox 483 935 554 965; x_wconf 88' lang='lat' dir='ltr'>caeli</span> <span class='ocrx_word' id='word_1_60' title='bbox 566 937 724 973; x_wconf 85' lang='lat' dir='ltr'>probantes</span> <span class='ocrx_word' id='word_1_61' title='bbox 736 935 841 963; x_wconf 87' lang='lat' dir='ltr'>debere</span> <span class='ocrx_word' id='word_1_62' title='bbox 854 940 925 963; x_wconf 89' lang='lat' dir='ltr'>tem-</span> 
     </span>
     <span class='ocr_line' id='line_1_16' title="bbox 363 982 925 1022; baseline -0.004 -10"><span class='ocrx_word' id='word_1_63' title='bbox 363 993 418 1022; x_wconf 91' lang='lat' dir='ltr'>pus</span> <span class='ocrx_word' id='word_1_64' title='bbox 440 983 605 1021; x_wconf 85' lang='lat' dir='ltr'>intellegere</span> <span class='ocrx_word' id='word_1_65' title='bbox 630 982 816 1012; x_wconf 86' lang='lat' dir='ltr'>manifestum</span> <span class='ocrx_word' id='word_1_66' title='bbox 840 987 925 1019; x_wconf 85' lang='lat' dir='ltr'>atque</span> 
     </span>
     <span class='ocr_line' id='line_1_17' title="bbox 363 1029 925 1060; baseline -0.007 0"><span class='ocrx_word' id='word_1_67' title='bbox 363 1031 607 1060; x_wconf 84' lang='lat' dir='ltr'>consentiendum</span> <span class='ocrx_word' id='word_1_68' title='bbox 632 1030 798 1059; x_wconf 86' lang='lat' dir='ltr'>aduersario</span> <span class='ocrx_word' id='word_1_69' title='bbox 823 1030 852 1057; x_wconf 90' lang='lat' dir='ltr'>in</span> <span class='ocrx_word' id='word_1_70' title='bbox 878 1029 925 1057; x_wconf 84' lang='lat' dir='ltr'>uia</span> 
     </span>
     <span class='ocr_line' id='line_1_18' title="bbox 365 1079 540 1117; baseline -0.006 -10"><span class='ocrx_word' id='word_1_71' title='bbox 365 1079 540 1117; x_wconf 84' lang='lat' dir='ltr'>pronuntiat.</span> 
     </span>
    </p>
   </div>
   <div class='ocr_carea' id='block_1_3' title="bbox 325 1446 930 2006">
    <p class='ocr_par' dir='ltr' id='par_1_5' title="bbox 325 1446 930 2006">
     <span class='ocr_line' id='line_1_19' title="bbox 325 1446 927 1486; baseline -0.008 -7"><span class='ocrx_word' id='word_1_72' title='bbox 325 1450 388 1479; x_wconf 92' lang='lat' dir='ltr'>LV.</span> <span class='ocrx_word' id='word_1_73' title='bbox 415 1449 561 1478; x_wconf 86' lang='lat' dir='ltr'>Nuntiatis</span> <span class='ocrx_word' id='word_1_74' title='bbox 591 1447 766 1486; x_wconf 86' lang='lat' dir='ltr'>quibusdam</span> <span class='ocrx_word' id='word_1_75' title='bbox 796 1456 813 1475; x_wconf 90' lang='lat' dir='ltr'>a</span> <span class='ocrx_word' id='word_1_76' title='bbox 838 1446 927 1483; x_wconf 85' lang='lat' dir='ltr'>pilato</span> 
     </span>
     <span class='ocr_line' id='line_1_20' title="bbox 367 1494 926 1532; baseline -0.009 -6"><span class='ocrx_word' id='word_1_77' title='bbox 367 1497 472 1526; x_wconf 89' lang='lat' dir='ltr'>occisis</span> <span class='ocrx_word' id='word_1_78' title='bbox 488 1497 526 1525; x_wconf 88' lang='lat' dir='ltr'>ait</span> <span class='ocrx_word' id='word_1_79' title='bbox 538 1505 641 1525; x_wconf 89' lang='lat' dir='ltr'>omnes</span> <span class='ocrx_word' id='word_1_80' title='bbox 654 1495 707 1523; x_wconf 87' lang='lat' dir='ltr'>nisi</span> <span class='ocrx_word' id='word_1_81' title='bbox 720 1494 926 1532; x_wconf 83' lang='lat' dir='ltr'>paenitentiam</span> 
     </span>
     <span class='ocr_line' id='line_1_21' title="bbox 366 1541 928 1582; baseline -0.011 -9"><span class='ocrx_word' id='word_1_82' title='bbox 366 1550 454 1582; x_wconf 85' lang='lat' dir='ltr'>agant</span> <span class='ocrx_word' id='word_1_83' title='bbox 475 1543 602 1572; x_wconf 82' lang='lat' dir='ltr'>Similiter</span> <span class='ocrx_word' id='word_1_84' title='bbox 622 1542 764 1580; x_wconf 84' lang='lat' dir='ltr'>perituros</span> <span class='ocrx_word' id='word_1_85' title='bbox 787 1541 833 1569; x_wconf 91' lang='lat' dir='ltr'>uel</span> <span class='ocrx_word' id='word_1_86' title='bbox 855 1541 928 1568; x_wconf 88' lang='lat' dir='ltr'>sicut</span> 
     </span>
     <span class='ocr_line' id='line_1_22' title="bbox 367 1589 928 1625; baseline -0.009 -5"><span class='ocrx_word' id='word_1_87' title='bbox 367 1593 405 1620; x_wconf 90' lang='lat' dir='ltr'>illi</span> <span class='ocrx_word' id='word_1_88' title='bbox 420 1592 522 1620; x_wconf 86' lang='lat' dir='ltr'>decem</span> <span class='ocrx_word' id='word_1_89' title='bbox 538 1596 565 1618; x_wconf 89' lang='lat' dir='ltr'>et</span> <span class='ocrx_word' id='word_1_90' title='bbox 583 1595 650 1619; x_wconf 88' lang='lat' dir='ltr'>octo</span> <span class='ocrx_word' id='word_1_91' title='bbox 669 1590 751 1618; x_wconf 88' lang='lat' dir='ltr'>ruina</span> <span class='ocrx_word' id='word_1_92' title='bbox 771 1589 856 1616; x_wconf 86' lang='lat' dir='ltr'>turris</span> <span class='ocrx_word' id='word_1_93' title='bbox 877 1597 928 1625; x_wconf 91' lang='lat' dir='ltr'>op-</span> 
     </span>
     <span class='ocr_line' id='line_1_23' title="bbox 367 1635 929 1677; baseline -0.011 -9"><span class='ocrx_word' id='word_1_94' title='bbox 367 1640 459 1677; x_wconf 82' lang='lat' dir='ltr'>pressi</span> <span class='ocrx_word' id='word_1_95' title='bbox 474 1638 643 1676; x_wconf 85' lang='lat' dir='ltr'>parabolam</span> <span class='ocrx_word' id='word_1_96' title='bbox 659 1646 775 1674; x_wconf 86' lang='lat' dir='ltr'>quoque</span> <span class='ocrx_word' id='word_1_97' title='bbox 791 1636 825 1664; x_wconf 92' lang='lat' dir='ltr'>de</span> <span class='ocrx_word' id='word_1_98' title='bbox 842 1635 929 1663; x_wconf 87' lang='lat' dir='ltr'>sterili</span> 
     </span>
     <span class='ocr_line' id='line_1_24' title="bbox 368 1683 928 1722; baseline -0.011 -7"><span class='ocrx_word' id='word_1_99' title='bbox 368 1688 472 1715; x_wconf 89' lang='lat' dir='ltr'>arbore</span> <span class='ocrx_word' id='word_1_100' title='bbox 495 1686 539 1714; x_wconf 89' lang='lat' dir='ltr'>fici</span> <span class='ocrx_word' id='word_1_101' title='bbox 563 1694 677 1722; x_wconf 86' lang='lat' dir='ltr'>ponens</span> <span class='ocrx_word' id='word_1_102' title='bbox 700 1684 806 1712; x_wconf 88' lang='lat' dir='ltr'>indicat</span> <span class='ocrx_word' id='word_1_103' title='bbox 830 1683 928 1720; x_wconf 89' lang='lat' dir='ltr'>paeni-</span> 
     </span>
     <span class='ocr_line' id='line_1_25' title="bbox 367 1730 930 1762; baseline -0.009 0"><span class='ocrx_word' id='word_1_104' title='bbox 367 1734 487 1762; x_wconf 87' lang='lat' dir='ltr'>tentiam</span> <span class='ocrx_word' id='word_1_105' title='bbox 503 1733 669 1761; x_wconf 78' lang='lat' dir='ltr'>differentes</span> <span class='ocrx_word' id='word_1_106' title='bbox 684 1737 711 1759; x_wconf 92' lang='lat' dir='ltr'>et</span> <span class='ocrx_word' id='word_1_107' title='bbox 727 1731 877 1758; x_wconf 90' lang='lat' dir='ltr'>mulierem</span> <span class='ocrx_word' id='word_1_108' title='bbox 893 1730 930 1757; x_wconf 86' lang='lat' dir='ltr'>ab</span> 
     </span>
     <span class='ocr_line' id='line_1_26' title="bbox 368 1777 929 1809; baseline -0.009 0"><span class='ocrx_word' id='word_1_109' title='bbox 368 1781 452 1809; x_wconf 88' lang='lat' dir='ltr'>annis</span> <span class='ocrx_word' id='word_1_110' title='bbox 467 1780 570 1809; x_wconf 90' lang='lat' dir='ltr'>decem</span> <span class='ocrx_word' id='word_1_111' title='bbox 585 1784 613 1807; x_wconf 86' lang='lat' dir='ltr'>et</span> <span class='ocrx_word' id='word_1_112' title='bbox 629 1784 695 1808; x_wconf 91' lang='lat' dir='ltr'>octo</span> <span class='ocrx_word' id='word_1_113' title='bbox 711 1783 860 1807; x_wconf 84' lang='lat' dir='ltr'>curuatam</span> <span class='ocrx_word' id='word_1_114' title='bbox 876 1777 929 1805; x_wconf 88' lang='lat' dir='ltr'>eri—</span> 
     </span>
     <span class='ocr_line' id='line_1_27' title="bbox 369 1826 929 1866; baseline -0.009 -9"><span class='ocrx_word' id='word_1_115' title='bbox 369 1837 440 1866; x_wconf 89' lang='lat' dir='ltr'>gens</span> <span class='ocrx_word' id='word_1_116' title='bbox 456 1828 491 1856; x_wconf 93' lang='lat' dir='ltr'>de</span> <span class='ocrx_word' id='word_1_117' title='bbox 507 1836 576 1855; x_wconf 88' lang='lat' dir='ltr'>cura</span> <span class='ocrx_word' id='word_1_118' title='bbox 592 1826 703 1854; x_wconf 83' lang='lat' dir='ltr'>sabbati</span> <span class='ocrx_word' id='word_1_119' title='bbox 716 1830 929 1853; x_wconf 86' lang='lat' dir='ltr'>murmurantes</span> 
     </span>
     <span class='ocr_line' id='line_1_28' title="bbox 369 1871 930 1912; baseline -0.009 -9"><span class='ocrx_word' id='word_1_120' title='bbox 369 1874 505 1912; x_wconf 83' lang='lat' dir='ltr'>exemplo</span> <span class='ocrx_word' id='word_1_121' title='bbox 528 1874 612 1902; x_wconf 87' lang='lat' dir='ltr'>bouis</span> <span class='ocrx_word' id='word_1_122' title='bbox 639 1872 806 1910; x_wconf 82' lang='lat' dir='ltr'>adaquandi</span> <span class='ocrx_word' id='word_1_123' title='bbox 831 1871 930 1899; x_wconf 88' lang='lat' dir='ltr'>refellit</span> 
     </span>
     <span class='ocr_line' id='line_1_29' title="bbox 369 1918 930 1959; baseline -0.007 -9"><span class='ocrx_word' id='word_1_124' title='bbox 369 1922 515 1959; x_wconf 85' lang='lat' dir='ltr'>gaudente</span> <span class='ocrx_word' id='word_1_125' title='bbox 530 1920 641 1958; x_wconf 88' lang='lat' dir='ltr'>populo</span> <span class='ocrx_word' id='word_1_126' title='bbox 656 1920 690 1948; x_wconf 84' lang='lat' dir='ltr'>de</span> <span class='ocrx_word' id='word_1_127' title='bbox 706 1919 767 1947; x_wconf 88' lang='lat' dir='ltr'>eius</span> <span class='ocrx_word' id='word_1_128' title='bbox 786 1918 930 1947; x_wconf 88' lang='lat' dir='ltr'>miraculis</span> 
     </span>
     <span class='ocr_line' id='line_1_30' title="bbox 370 1969 510 2006; baseline -0.014 -9"><span class='ocrx_word' id='word_1_129' title='bbox 370 1969 510 2006; x_wconf 84' lang='lat' dir='ltr'>gloriosis.</span> 
     </span>
    </p>
   </div>
   <div class='ocr_carea' id='block_1_4' title="bbox 331 2210 933 2400">
    <p class='ocr_par' dir='ltr' id='par_1_6' title="bbox 331 2210 933 2400">
     <span class='ocr_line' id='line_1_31' title="bbox 364 2210 930 2238; baseline -0.007 -2"><span class='ocrx_word' id='word_1_130' title='bbox 364 2213 434 2236; x_wconf 89' lang='lat' dir='ltr'>LIII.</span> <span class='ocrx_word' id='word_1_131' title='bbox 452 2220 497 2235; x_wconf 83' lang='lat' dir='ltr'>om.</span> <span class='ocrx_word' id='word_1_132' title='bbox 511 2213 558 2235; x_wconf 82' lang='lat' dir='ltr'>uel</span> <span class='ocrx_word' id='word_1_133' title='bbox 574 2218 703 2238; x_wconf 75' lang='lat' dir='ltr'>possessa</span> <span class='ocrx_word' id='word_1_134' title='bbox 715 2210 745 2233; x_wconf 93' lang='lat' dir='ltr'>V.</span> <span class='ocrx_word' id='word_1_135' title='bbox 780 2211 930 2233; x_wconf 78' lang='lat' dir='ltr'>scientem:</span> 
     </span>
     <span class='ocr_line' id='line_1_32' title="bbox 331 2244 597 2276; baseline -0.011 -6"><span class='ocrx_word' id='word_1_136' title='bbox 331 2247 462 2270; x_wconf 80' lang='lat' dir='ltr'>facientem</span> <span class='ocrx_word' id='word_1_137' title='bbox 475 2245 554 2276; x_wconf 74' lang='lat' dir='ltr'>inepte</span> <span class='ocrx_word' id='word_1_138' title='bbox 567 2244 597 2267; x_wconf 89' lang='lat' dir='ltr'>V.</span> 
     </span>
     <span class='ocr_line' id='line_1_33' title="bbox 334 2275 932 2334; baseline -0.007 -32"><span class='ocrx_word' id='word_1_139' title='bbox 334 2278 450 2334; x_wconf 75' lang='lat' dir='ltr'>YLIIII.</span> <span class='ocrx_word' id='word_1_140' title='bbox 469 2277 671 2301; x_wconf 78' lang='lat' dir='ltr'>necessitudinem</span> <span class='ocrx_word' id='word_1_141' title='bbox 691 2276 737 2299; x_wconf 66' lang='lat' dir='ltr'>W.</span> <span class='ocrx_word' id='word_1_142' title='bbox 772 2275 932 2299; x_wconf 84' lang='lat' dir='ltr'>diuissionem</span> 
     </span>
     <span class='ocr_line' id='line_1_34' title="bbox 359 2330 933 2373; baseline -0.007 -5"><span class='ocrx_word' id='word_1_143' title='bbox 359 2330 420 2368; x_wconf 70' lang='lat' dir='ltr'>¹LV.</span> <span class='ocrx_word' id='word_1_144' title='bbox 438 2343 627 2367; x_wconf 74' lang='lat' dir='ltr'>nuntiatiHarl.</span> <span class='ocrx_word' id='word_1_145' title='bbox 658 2342 759 2373; x_wconf 85' lang='lat' dir='ltr'>perituri</span> <span class='ocrx_word' id='word_1_146' title='bbox 768 2342 844 2365; x_wconf 68' lang='lat' dir='ltr'>Harl.</span> <span class='ocrx_word' id='word_1_147' title='bbox 874 2340 933 2364; x_wconf 82' lang='lat' dir='ltr'>turri</span> 
     </span>
     <span class='ocr_line' id='line_1_35' title="bbox 335 2376 569 2400; baseline 0 0"><span class='ocrx_word' id='word_1_148' title='bbox 335 2377 410 2400; x_wconf 78' lang='lat' dir='ltr'>llarl.</span> <span class='ocrx_word' id='word_1_149' title='bbox 445 2377 525 2400; x_wconf 75' lang='lat' dir='ltr'>arbori</span> <span class='ocrx_word' id='word_1_150' title='bbox 538 2376 569 2400; x_wconf 86' lang='lat' dir='ltr'>Y.</span> 
     </span>
    </p>
   </div>
   <div class='ocr_carea' id='block_1_5' title="bbox 803 234 1457 269">
    <p class='ocr_par' dir='ltr' id='par_1_7' title="bbox 803 234 1457 269">
     <span class='ocr_line' id='line_1_36' title="bbox 803 234 1457 269; baseline -0.009 -1"><span class='ocrx_word' id='word_1_151' title='bbox 803 238 1031 269; x_wconf 75' lang='lat' dir='ltr'>CAPITULA</span> <span class='ocrx_word' id='word_1_152' title='bbox 1060 237 1118 266; x_wconf 87' lang='lat' dir='ltr'>IN</span> <span class='ocrx_word' id='word_1_153' title='bbox 1137 234 1457 265; x_wconf 78' lang='lat' dir='ltr'><em>EUANGELJUM</em></span> 
     </span>
    </p>
   </div>
   <div class='ocr_carea' id='block_1_6' title="bbox 1017 321 1427 734">
    <p class='ocr_par' dir='ltr' id='par_1_8' title="bbox 1159 321 1239 352">
     <span class='ocr_line' id='line_1_37' title="bbox 1159 321 1239 352; baseline -0.013 -7"><span class='ocrx_word' id='word_1_154' title='bbox 1159 321 1239 352; x_wconf 61' lang='lat' dir='ltr'>eff).</span> 
     </span>
    </p>

    <p class='ocr_par' dir='ltr' id='par_1_9' title="bbox 1017 366 1427 452">
     <span class='ocr_line' id='line_1_38' title="bbox 1017 366 1427 403; baseline -0.01 -6"><span class='ocrx_word' id='word_1_155' title='bbox 1017 369 1083 397; x_wconf 88' lang='lat' dir='ltr'>Hac</span> <span class='ocrx_word' id='word_1_156' title='bbox 1105 369 1191 396; x_wconf 89' lang='lat' dir='ltr'>docet</span> <span class='ocrx_word' id='word_1_157' title='bbox 1206 366 1351 403; x_wconf 87' lang='lat' dir='ltr'>exemplis</span> <span class='ocrx_word' id='word_1_158' title='bbox 1366 375 1427 394; x_wconf 91' lang='lat' dir='ltr'>non</span> 
     </span>
     <span class='ocr_line' id='line_1_39' title="bbox 1057 413 1427 452; baseline -0.005 -9"><span class='ocrx_word' id='word_1_159' title='bbox 1057 415 1238 452; x_wconf 83' lang='lat' dir='ltr'>cogitantum</span> <span class='ocrx_word' id='word_1_160' title='bbox 1244 414 1280 442; x_wconf 91' lang='lat' dir='ltr'>de</span> <span class='ocrx_word' id='word_1_161' title='bbox 1291 413 1427 442; x_wconf 87' lang='lat' dir='ltr'>crastino.</span> 
     </span>
    </p>

    <p class='ocr_par' dir='ltr' id='par_1_10' title="bbox 1017 460 1426 584">
     <span class='ocr_line' id='line_1_40' title="bbox 1017 460 1426 498; baseline -0.007 -7"><span class='ocrx_word' id='word_1_162' title='bbox 1017 462 1256 498; x_wconf 86' lang='lat' dir='ltr'>Faciendumque</span> <span class='ocrx_word' id='word_1_163' title='bbox 1289 460 1426 489; x_wconf 83' lang='lat' dir='ltr'>haelimo-</span> 
     </span>
     <span class='ocr_line' id='line_1_41' title="bbox 1058 508 1426 537; baseline -0.005 0"><span class='ocrx_word' id='word_1_164' title='bbox 1058 510 1152 537; x_wconf 87' lang='lat' dir='ltr'>sinam</span> <span class='ocrx_word' id='word_1_165' title='bbox 1178 508 1335 536; x_wconf 88' lang='lat' dir='ltr'>homnibus</span> <span class='ocrx_word' id='word_1_166' title='bbox 1357 516 1426 535; x_wconf 91' lang='lat' dir='ltr'>uen-</span> 
     </span>
     <span class='ocr_line' id='line_1_42' title="bbox 1058 556 1131 584; baseline -0.014 0"><span class='ocrx_word' id='word_1_167' title='bbox 1058 556 1131 584; x_wconf 90' lang='lat' dir='ltr'>ditis.</span> 
     </span>
    </p>

    <p class='ocr_par' dir='ltr' id='par_1_11' title="bbox 1017 602 1258 640">
     <span class='ocr_line' id='line_1_43' title="bbox 1017 602 1258 640; baseline -0.008 -8"><span class='ocrx_word' id='word_1_168' title='bbox 1017 603 1054 632; x_wconf 88' lang='lat' dir='ltr'>Et</span> <span class='ocrx_word' id='word_1_169' title='bbox 1069 602 1258 640; x_wconf 87' lang='lat' dir='ltr'>uigilandum.</span> 
     </span>
    </p>

    <p class='ocr_par' dir='ltr' id='par_1_12' title="bbox 1017 649 1427 734">
     <span class='ocr_line' id='line_1_44' title="bbox 1017 649 1427 687; baseline -0.007 -8"><span class='ocrx_word' id='word_1_170' title='bbox 1017 650 1126 679; x_wconf 86' lang='lat' dir='ltr'>Dicens</span> <span class='ocrx_word' id='word_1_171' title='bbox 1134 654 1216 687; x_wconf 89' lang='lat' dir='ltr'>petro</span> <span class='ocrx_word' id='word_1_172' title='bbox 1223 649 1336 678; x_wconf 88' lang='lat' dir='ltr'>felicem</span> <span class='ocrx_word' id='word_1_173' title='bbox 1347 658 1427 677; x_wconf 84' lang='lat' dir='ltr'>aesse</span> 
     </span>
     <span class='ocr_line' id='line_1_45' title="bbox 1059 697 1426 734; baseline -0.005 -9"><span class='ocrx_word' id='word_1_174' title='bbox 1059 699 1170 726; x_wconf 89' lang='lat' dir='ltr'>bonurn</span> <span class='ocrx_word' id='word_1_175' title='bbox 1185 697 1426 734; x_wconf 86' lang='lat' dir='ltr'>dispensatorem.</span> 
     </span>
    </p>
   </div>
   <div class='ocr_carea' id='block_1_7' title="bbox 980 837 1433 2153">
    <p class='ocr_par' dir='ltr' id='par_1_13' title="bbox 1019 837 1427 962">
     <span class='ocr_line' id='line_1_46' title="bbox 1019 837 1427 875; baseline -0.007 -7"><span class='ocrx_word' id='word_1_176' title='bbox 1019 839 1091 868; x_wconf 89' lang='lat' dir='ltr'>Inde</span> <span class='ocrx_word' id='word_1_177' title='bbox 1106 839 1174 867; x_wconf 90' lang='lat' dir='ltr'>dicit</span> <span class='ocrx_word' id='word_1_178' title='bbox 1195 839 1294 875; x_wconf 87' lang='lat' dir='ltr'>ignem</span> <span class='ocrx_word' id='word_1_179' title='bbox 1314 837 1427 865; x_wconf 87' lang='lat' dir='ltr'>mittere</span> 
     </span>
     <span class='ocr_line' id='line_1_47' title="bbox 1060 891 1427 923; baseline -0.005 -9"><span class='ocrx_word' id='word_1_180' title='bbox 1060 895 1146 923; x_wconf 81' lang='lat' dir='ltr'>super</span> <span class='ocrx_word' id='word_1_181' title='bbox 1168 891 1273 914; x_wconf 88' lang='lat' dir='ltr'>terram</span> <span class='ocrx_word' id='word_1_182' title='bbox 1295 894 1356 913; x_wconf 93' lang='lat' dir='ltr'>non</span> <span class='ocrx_word' id='word_1_183' title='bbox 1376 893 1427 921; x_wconf 90' lang='lat' dir='ltr'>pa—</span> 
     </span>
     <span class='ocr_line' id='line_1_48' title="bbox 1060 943 1132 962; baseline 0 0"><span class='ocrx_word' id='word_1_184' title='bbox 1060 943 1132 962; x_wconf 84' lang='lat' dir='ltr'>cem.</span> 
     </span>
    </p>

    <p class='ocr_par' dir='ltr' id='par_1_14' title="bbox 1020 978 1429 1159">
     <span class='ocr_line' id='line_1_49' title="bbox 1020 978 1429 1018; baseline -0.007 -9"><span class='ocrx_word' id='word_1_185' title='bbox 1020 981 1129 1009; x_wconf 82' lang='lat' dir='ltr'>Turbis</span> <span class='ocrx_word' id='word_1_186' title='bbox 1142 989 1261 1018; x_wconf 88' lang='lat' dir='ltr'>quoque</span> <span class='ocrx_word' id='word_1_187' title='bbox 1271 979 1339 1008; x_wconf 82' lang='lat' dir='ltr'>dicit</span> <span class='ocrx_word' id='word_1_188' title='bbox 1349 978 1429 1016; x_wconf 87' lang='lat' dir='ltr'>quod</span> 
     </span>
     <span class='ocr_line' id='line_1_50' title="bbox 1061 1027 1428 1063; baseline -0.008 -7"><span class='ocrx_word' id='word_1_189' title='bbox 1061 1029 1165 1056; x_wconf 87' lang='lat' dir='ltr'>faciem</span> <span class='ocrx_word' id='word_1_190' title='bbox 1205 1027 1277 1056; x_wconf 89' lang='lat' dir='ltr'>caeli</span> <span class='ocrx_word' id='word_1_191' title='bbox 1318 1035 1428 1063; x_wconf 88' lang='lat' dir='ltr'>cogno-</span> 
     </span>
     <span class='ocr_line' id='line_1_51' title="bbox 1061 1079 1429 1111; baseline -0.011 -7"><span class='ocrx_word' id='word_1_192' title='bbox 1061 1080 1172 1104; x_wconf 88' lang='lat' dir='ltr'>scerent</span> <span class='ocrx_word' id='word_1_193' title='bbox 1204 1079 1336 1111; x_wconf 86' lang='lat' dir='ltr'>tempora</span> <span class='ocrx_word' id='word_1_194' title='bbox 1370 1082 1429 1101; x_wconf 90' lang='lat' dir='ltr'>non</span> 
     </span>
     <span class='ocr_line' id='line_1_52' title="bbox 1061 1122 1262 1159; baseline -0.005 -9"><span class='ocrx_word' id='word_1_195' title='bbox 1061 1122 1262 1159; x_wconf 84' lang='lat' dir='ltr'>intelligerent.</span> 
     </span>
    </p>

    <p class='ocr_par' dir='ltr' id='par_1_15' title="bbox 1021 1168 1430 1435">
     <span class='ocr_line' id='line_1_53' title="bbox 1021 1168 1429 1205; baseline -0.01 -7"><span class='ocrx_word' id='word_1_196' title='bbox 1021 1170 1106 1205; x_wconf 85' lang='lat' dir='ltr'>Quos</span> <span class='ocrx_word' id='word_1_197' title='bbox 1122 1175 1222 1197; x_wconf 89' lang='lat' dir='ltr'>monet</span> <span class='ocrx_word' id='word_1_198' title='bbox 1237 1169 1289 1197; x_wconf 89' lang='lat' dir='ltr'>hut</span> <span class='ocrx_word' id='word_1_199' title='bbox 1309 1169 1380 1196; x_wconf 90' lang='lat' dir='ltr'>dum</span> <span class='ocrx_word' id='word_1_200' title='bbox 1400 1168 1429 1195; x_wconf 93' lang='lat' dir='ltr'>in</span> 
     </span>
     <span class='ocr_line' id='line_1_54' title="bbox 1062 1215 1430 1245; baseline -0.008 0"><span class='ocrx_word' id='word_1_201' title='bbox 1062 1218 1108 1245; x_wconf 92' lang='lat' dir='ltr'>uia</span> <span class='ocrx_word' id='word_1_202' title='bbox 1124 1222 1240 1245; x_wconf 83' lang='lat' dir='ltr'>aessent</span> <span class='ocrx_word' id='word_1_203' title='bbox 1260 1215 1430 1244; x_wconf 86' lang='lat' dir='ltr'>conciliare-</span> 
     </span>
     <span class='ocr_line' id='line_1_55' title="bbox 1061 1264 1429 1293; baseline -0.008 0"><span class='ocrx_word' id='word_1_204' title='bbox 1061 1270 1106 1293; x_wconf 90' lang='lat' dir='ltr'>tur</span> <span class='ocrx_word' id='word_1_205' title='bbox 1133 1264 1298 1292; x_wconf 87' lang='lat' dir='ltr'>aduersario</span> <span class='ocrx_word' id='word_1_206' title='bbox 1325 1272 1360 1291; x_wconf 92' lang='lat' dir='ltr'>ne</span> <span class='ocrx_word' id='word_1_207' title='bbox 1387 1272 1429 1290; x_wconf 88' lang='lat' dir='ltr'>re-</span> 
     </span>
     <span class='ocr_line' id='line_1_56' title="bbox 1062 1310 1429 1341; baseline -0.008 -1"><span class='ocrx_word' id='word_1_208' title='bbox 1062 1312 1133 1341; x_wconf 89' lang='lat' dir='ltr'>clusi</span> <span class='ocrx_word' id='word_1_209' title='bbox 1144 1321 1203 1339; x_wconf 94' lang='lat' dir='ltr'>non</span> <span class='ocrx_word' id='word_1_210' title='bbox 1213 1312 1324 1339; x_wconf 82' lang='lat' dir='ltr'>exirent</span> <span class='ocrx_word' id='word_1_211' title='bbox 1335 1310 1429 1338; x_wconf 89' lang='lat' dir='ltr'>donec</span> 
     </span>
     <span class='ocr_line' id='line_1_57' title="bbox 1061 1358 1430 1395; baseline -0.011 -7"><span class='ocrx_word' id='word_1_212' title='bbox 1061 1359 1253 1388; x_wconf 81' lang='lat' dir='ltr'>nouissimum</span> <span class='ocrx_word' id='word_1_213' title='bbox 1286 1358 1430 1395; x_wconf 89' lang='lat' dir='ltr'>quadran-</span> 
     </span>
     <span class='ocr_line' id='line_1_58' title="bbox 1062 1406 1299 1435; baseline -0.004 0"><span class='ocrx_word' id='word_1_214' title='bbox 1062 1412 1121 1435; x_wconf 88' lang='lat' dir='ltr'>tem</span> <span class='ocrx_word' id='word_1_215' title='bbox 1138 1406 1299 1435; x_wconf 87' lang='lat' dir='ltr'>redderent.</span> 
     </span>
    </p>

    <p class='ocr_par' dir='ltr' id='par_1_16' title="bbox 980 1456 1431 1578">
     <span class='ocr_line' id='line_1_59' title="bbox 980 1456 1431 1486; baseline -0.011 -3"><span class='ocrx_word' id='word_1_216' title='bbox 980 1457 1080 1483; x_wconf 89' lang='lat' dir='ltr'>XIII.</span> <span class='ocrx_word' id='word_1_217' title='bbox 1105 1456 1218 1486; x_wconf 80' lang='lat' dir='ltr'>Quum</span> <span class='ocrx_word' id='word_1_218' title='bbox 1244 1456 1278 1481; x_wconf 77' lang='lat' dir='ltr'>et</span> <span class='ocrx_word' id='word_1_219' title='bbox 1303 1460 1431 1481; x_wconf 79' lang='lat' dir='ltr'>annun-</span> 
     </span>
     <span class='ocr_line' id='line_1_60' title="bbox 1062 1500 1430 1534; baseline -0.011 -4"><span class='ocrx_word' id='word_1_220' title='bbox 1062 1504 1184 1530; x_wconf 81' lang='lat' dir='ltr'>tiatum</span> <span class='ocrx_word' id='word_1_221' title='bbox 1206 1502 1327 1529; x_wconf 80' lang='lat' dir='ltr'>fuisset</span> <span class='ocrx_word' id='word_1_222' title='bbox 1350 1500 1430 1534; x_wconf 84' lang='lat' dir='ltr'>gali-</span> 
     </span>
     <span class='ocr_line' id='line_1_61' title="bbox 1062 1550 1301 1578; baseline -0.004 -1"><span class='ocrx_word' id='word_1_223' title='bbox 1062 1552 1132 1578; x_wconf 84' lang='lat' dir='ltr'>leos</span> <span class='ocrx_word' id='word_1_224' title='bbox 1147 1550 1301 1577; x_wconf 83' lang='lat' dir='ltr'>hoeeisos</span> 
     </span>
    </p>

    <p class='ocr_par' dir='ltr' id='par_1_17' title="bbox 1022 1593 1431 1672">
     <span class='ocr_line' id='line_1_62' title="bbox 1022 1593 1431 1633; baseline -0.01 -8"><span class='ocrx_word' id='word_1_225' title='bbox 1022 1602 1121 1626; x_wconf 88' lang='lat' dir='ltr'>monet</span> <span class='ocrx_word' id='word_1_226' title='bbox 1155 1595 1301 1633; x_wconf 85' lang='lat' dir='ltr'>agendam</span> <span class='ocrx_word' id='word_1_227' title='bbox 1331 1593 1431 1631; x_wconf 88' lang='lat' dir='ltr'>poeni-</span> 
     </span>
     <span class='ocr_line' id='line_1_63' title="bbox 1063 1644 1193 1672; baseline -0.008 0"><span class='ocrx_word' id='word_1_228' title='bbox 1063 1644 1193 1672; x_wconf 86' lang='lat' dir='ltr'>tentiam.</span> 
     </span>
    </p>

    <p class='ocr_par' dir='ltr' id='par_1_18' title="bbox 1023 1688 1433 1916">
     <span class='ocr_line' id='line_1_64' title="bbox 1023 1688 1432 1719; baseline -0.01 0"><span class='ocrx_word' id='word_1_229' title='bbox 1023 1691 1196 1719; x_wconf 72' lang='lat' dir='ltr'>Par-abulam</span> <span class='ocrx_word' id='word_1_230' title='bbox 1219 1689 1342 1718; x_wconf 84' lang='lat' dir='ltr'>ficulnae</span> <span class='ocrx_word' id='word_1_231' title='bbox 1365 1688 1432 1716; x_wconf 91' lang='lat' dir='ltr'>sub-</span> 
     </span>
     <span class='ocr_line' id='line_1_65' title="bbox 1064 1735 1432 1775; baseline -0.011 -9"><span class='ocrx_word' id='word_1_232' title='bbox 1064 1739 1187 1775; x_wconf 86' lang='lat' dir='ltr'>iungens</span> <span class='ocrx_word' id='word_1_233' title='bbox 1198 1746 1286 1774; x_wconf 88' lang='lat' dir='ltr'>quam</span> <span class='ocrx_word' id='word_1_234' title='bbox 1297 1735 1432 1764; x_wconf 90' lang='lat' dir='ltr'>dominus</span> 
     </span>
     <span class='ocr_line' id='line_1_66' title="bbox 1064 1781 1433 1823; baseline -0.011 -10"><span class='ocrx_word' id='word_1_235' title='bbox 1064 1794 1155 1823; x_wconf 90' lang='lat' dir='ltr'>quum</span> <span class='ocrx_word' id='word_1_236' title='bbox 1172 1784 1360 1812; x_wconf 86' lang='lat' dir='ltr'>infructosam</span> <span class='ocrx_word' id='word_1_237' title='bbox 1372 1781 1433 1810; x_wconf 90' lang='lat' dir='ltr'>uel-</span> 
     </span>
     <span class='ocr_line' id='line_1_67' title="bbox 1065 1831 1432 1861; baseline -0.011 0"><span class='ocrx_word' id='word_1_238' title='bbox 1065 1833 1103 1861; x_wconf 90' lang='lat' dir='ltr'>let</span> <span class='ocrx_word' id='word_1_239' title='bbox 1112 1831 1264 1861; x_wconf 84' lang='lat' dir='ltr'>aexcidere</span> <span class='ocrx_word' id='word_1_240' title='bbox 1275 1831 1367 1859; x_wconf 90' lang='lat' dir='ltr'>cultor</span> <span class='ocrx_word' id='word_1_241' title='bbox 1377 1835 1432 1858; x_wconf 86' lang='lat' dir='ltr'>sta—</span> 
     </span>
     <span class='ocr_line' id='line_1_68' title="bbox 1064 1879 1295 1916; baseline -0.009 -9"><span class='ocrx_word' id='word_1_242' title='bbox 1064 1880 1115 1908; x_wconf 87' lang='lat' dir='ltr'>tim</span> <span class='ocrx_word' id='word_1_243' title='bbox 1131 1879 1295 1916; x_wconf 82' lang='lat' dir='ltr'>postulauit.</span> 
     </span>
    </p>

    <p class='ocr_par' dir='ltr' id='par_1_19' title="bbox 1024 1924 1433 2153">
     <span class='ocr_line' id='line_1_69' title="bbox 1024 1924 1433 1962; baseline -0.01 -7"><span class='ocrx_word' id='word_1_244' title='bbox 1024 1927 1125 1962; x_wconf 89' lang='lat' dir='ltr'>Quum</span> <span class='ocrx_word' id='word_1_245' title='bbox 1160 1926 1311 1954; x_wconf 89' lang='lat' dir='ltr'>mulierem</span> <span class='ocrx_word' id='word_1_246' title='bbox 1348 1924 1433 1952; x_wconf 86' lang='lat' dir='ltr'>annis</span> 
     </span>
     <span class='ocr_line' id='line_1_70' title="bbox 1065 1972 1433 2002; baseline -0.011 0"><span class='ocrx_word' id='word_1_247' title='bbox 1065 1974 1167 2002; x_wconf 87' lang='lat' dir='ltr'>decem</span> <span class='ocrx_word' id='word_1_248' title='bbox 1191 1978 1236 2001; x_wconf 86' lang='lat' dir='ltr'>aet</span> <span class='ocrx_word' id='word_1_249' title='bbox 1259 1972 1347 2000; x_wconf 87' lang='lat' dir='ltr'>hocto</span> <span class='ocrx_word' id='word_1_250' title='bbox 1369 1980 1433 1999; x_wconf 87' lang='lat' dir='ltr'>cur-</span> 
     </span>
     <span class='ocr_line' id='line_1_71' title="bbox 1065 2018 1432 2049; baseline -0.011 0"><span class='ocrx_word' id='word_1_251' title='bbox 1065 2030 1133 2049; x_wconf 89' lang='lat' dir='ltr'>uam</span> <span class='ocrx_word' id='word_1_252' title='bbox 1173 2020 1350 2048; x_wconf 82' lang='lat' dir='ltr'>haerexisset</span> <span class='ocrx_word' id='word_1_253' title='bbox 1391 2018 1432 2045; x_wconf 92' lang='lat' dir='ltr'>in-</span> 
     </span>
     <span class='ocr_line' id='line_1_72' title="bbox 1065 2066 1432 2105; baseline -0.008 -9"><span class='ocrx_word' id='word_1_254' title='bbox 1065 2069 1233 2105; x_wconf 85' lang='lat' dir='ltr'>dignantem</span> <span class='ocrx_word' id='word_1_255' title='bbox 1267 2066 1432 2104; x_wconf 84' lang='lat' dir='ltr'>arehysina-</span> 
     </span>
     <span class='ocr_line' id='line_1_73' title="bbox 1066 2115 1332 2153; baseline -0.008 -9"><span class='ocrx_word' id='word_1_256' title='bbox 1066 2124 1177 2153; x_wconf 84' lang='lat' dir='ltr'>gogum</span> <span class='ocrx_word' id='word_1_257' title='bbox 1194 2115 1332 2151; x_wconf 80' lang='lat' dir='ltr'>increpat.</span> 
     </span>
    </p>
   </div>
   <div class='ocr_carea' id='block_1_8' title="bbox 959 2207 1436 2471">
    <p class='ocr_par' dir='ltr' id='par_1_20' title="bbox 985 2207 1435 2332">
     <span class='ocr_line' id='line_1_74' title="bbox 1017 2207 1434 2240; baseline -0.005 -8"><span class='ocrx_word' id='word_1_258' title='bbox 1017 2209 1077 2232; x_wconf 82' lang='lat' dir='ltr'>xn.</span> <span class='ocrx_word' id='word_1_259' title='bbox 1098 2208 1259 2240; x_wconf 83' lang='lat' dir='ltr'>cogitandum</span> <span class='ocrx_word' id='word_1_260' title='bbox 1275 2208 1359 2231; x_wconf 64' lang='lat' dir='ltr'>Thoan.</span> <span class='ocrx_word' id='word_1_261' title='bbox 1401 2207 1434 2230; x_wconf 84' lang='lat' dir='ltr'>fa-</span> 
     </span>
     <span class='ocr_line' id='line_1_75' title="bbox 985 2242 1429 2273; baseline -0.005 -8"><span class='ocrx_word' id='word_1_262' title='bbox 985 2242 1145 2273; x_wconf 82' lang='lat' dir='ltr'>ciendamque</span> <span class='ocrx_word' id='word_1_263' title='bbox 1178 2242 1261 2265; x_wconf 73' lang='lat' dir='ltr'>leom.</span> <span class='ocrx_word' id='word_1_264' title='bbox 1296 2243 1391 2268; x_wconf 76' lang='lat' dir='ltr'>ignem</span> <span class='ocrx_word' id='word_1_265' title='bbox 1411 2247 1429 2264; x_wconf 66' lang='lat'>4-</span> 
     </span>
     <span class='ocr_line' id='line_1_76' title="bbox 985 2273 1435 2298; baseline -0.004 0"><span class='ocrx_word' id='word_1_266' title='bbox 985 2275 1079 2298; x_wconf 84' lang='lat' dir='ltr'>uenisse</span> <span class='ocrx_word' id='word_1_267' title='bbox 1093 2283 1117 2298; x_wconf 88' lang='lat' dir='ltr'>se</span> <span class='ocrx_word' id='word_1_268' title='bbox 1131 2275 1154 2297; x_wconf 88' lang='lat' dir='ltr'><em>T</em></span> <span class='ocrx_word' id='word_1_269' title='bbox 1151 2275 1213 2297; x_wconf 81' lang='lat' dir='ltr'>hom.</span> <span class='ocrx_word' id='word_1_270' title='bbox 1225 2282 1273 2297; x_wconf 81' lang='lat' dir='ltr'>non</span> <span class='ocrx_word' id='word_1_271' title='bbox 1284 2277 1367 2296; x_wconf 74' lang='lat' dir='ltr'>aulem</span> <span class='ocrx_word' id='word_1_272' title='bbox 1377 2273 1435 2296; x_wconf 87' lang='lat' dir='ltr'>MS.</span> 
     </span>
     <span class='ocr_line' id='line_1_77' title="bbox 991 2306 1395 2332; baseline -0.007 -1"><span class='ocrx_word' id='word_1_273' title='bbox 991 2308 1046 2332; x_wconf 65' lang='lat' dir='ltr'>Uar.</span> <span class='ocrx_word' id='word_1_274' title='bbox 1081 2307 1295 2330; x_wconf 79' lang='lat' dir='ltr'>reconciliarentur</span> <span class='ocrx_word' id='word_1_275' title='bbox 1311 2306 1395 2329; x_wconf 75' lang='lat' dir='ltr'>Thom.</span> 
     </span>
    </p>

    <p class='ocr_par' dir='ltr' id='par_1_21' title="bbox 959 2339 1436 2471">
     <span class='ocr_line' id='line_1_78' title="bbox 1019 2339 1436 2363; baseline -0.005 0"><span class='ocrx_word' id='word_1_276' title='bbox 1019 2340 1092 2363; x_wconf 84' lang='lat' dir='ltr'>XIII.</span> <span class='ocrx_word' id='word_1_277' title='bbox 1106 2348 1161 2363; x_wconf 88' lang='lat' dir='ltr'>eum</span> <span class='ocrx_word' id='word_1_278' title='bbox 1172 2340 1193 2363; x_wconf 87' lang='lat' dir='ltr'>ei</span> <span class='ocrx_word' id='word_1_279' title='bbox 1203 2340 1341 2362; x_wconf 78' lang='lat' dir='ltr'>nuntiatum</span> <span class='ocrx_word' id='word_1_280' title='bbox 1352 2339 1436 2362; x_wconf 80' lang='lat' dir='ltr'>lem.</span> 
     </span>
     <span class='ocr_line' id='line_1_79' title="bbox 959 2372 1436 2409; baseline -0.004 -13"><span class='ocrx_word' id='word_1_281' title='bbox 959 2379 961 2409; x_wconf 46' lang='lat' dir='ltr'>l</span> <span class='ocrx_word' id='word_1_282' title='bbox 986 2373 1017 2396; x_wconf 88' lang='lat' dir='ltr'>de</span> <span class='ocrx_word' id='word_1_283' title='bbox 1030 2373 1141 2404; x_wconf 83' lang='lat' dir='ltr'>galilaeis</span> <span class='ocrx_word' id='word_1_284' title='bbox 1154 2373 1241 2396; x_wconf 82' lang='lat' dir='ltr'>occisis</span> <span class='ocrx_word' id='word_1_285' title='bbox 1253 2372 1285 2395; x_wconf 87' lang='lat' dir='ltr'>al.</span> <span class='ocrx_word' id='word_1_286' title='bbox 1299 2376 1337 2402; x_wconf 81' lang='lat' dir='ltr'>ap.</span> <span class='ocrx_word' id='word_1_287' title='bbox 1352 2372 1436 2395; x_wconf 74' lang='lat' dir='ltr'>Thom.</span> 
     </span>
     <span class='ocr_line' id='line_1_80' title="bbox 987 2405 1435 2430; baseline -0.004 -1"><span class='ocrx_word' id='word_1_288' title='bbox 987 2407 1133 2430; x_wconf 75' lang='lat' dir='ltr'>aexeidere</span> <span class='ocrx_word' id='word_1_289' title='bbox 1145 2414 1150 2428; x_wconf 71' lang='grc' dir='ltr'>ε</span> <span class='ocrx_word' id='word_1_290' title='bbox 1163 2405 1241 2429; x_wconf 87' lang='lat' dir='ltr'>excidi</span> <span class='ocrx_word' id='word_1_291' title='bbox 1257 2405 1340 2428; x_wconf 79' lang='lat' dir='ltr'>Tlmm.</span> <span class='ocrx_word' id='word_1_292' title='bbox 1376 2411 1435 2427; x_wconf 85' lang='lat' dir='ltr'>eur-</span> 
     </span>
     <span class='ocr_line' id='line_1_81' title="bbox 960 2438 1338 2471; baseline -0.005 -9"><span class='ocrx_word' id='word_1_293' title='bbox 960 2440 962 2471; x_wconf 60' lang='lat'>2</span> <span class='ocrx_word' id='word_1_294' title='bbox 988 2445 1067 2462; x_wconf 79' lang='lat' dir='ltr'>uam:</span> <span class='ocrx_word' id='word_1_295' title='bbox 1082 2442 1206 2462; x_wconf 83' lang='lat' dir='ltr'>euruatam</span> <span class='ocrx_word' id='word_1_296' title='bbox 1217 2438 1289 2461; x_wconf 74' lang='lat' dir='ltr'>Alex.</span> <span class='ocrx_word' id='word_1_297' title='bbox 1302 2444 1338 2467; x_wconf 78' lang='lat'>14.</span> 
     </span>
    </p>
   </div>
   <div class='ocr_carea' id='block_1_9' title="bbox 951 705 962 2439">
    <p class='ocr_par' dir='ltr' id='par_1_22' title="bbox 951 705 962 2439">
     <span class='ocr_line' id='line_1_82' title="bbox 951 705 962 2439; baseline 0 0"><span class='ocrx_word' id='word_1_298' title='bbox 951 705 962 2439; x_wconf 95' lang='lat' dir='ltr'> </span> 
     </span>
    </p>
   </div>
   <div class='ocr_carea' id='block_1_10' title="bbox 1452 323 1466 2671">
    <p class='ocr_par' dir='ltr' id='par_1_23' title="bbox 1452 323 1466 2671">
     <span class='ocr_line' id='line_1_83' title="bbox 1452 323 1466 2671; baseline 0 0"><span class='ocrx_word' id='word_1_299' title='bbox 1452 323 1466 2671; x_wconf 95' lang='lat' dir='ltr'> </span> 
     </span>
    </p>
   </div>
   <div class='ocr_carea' id='block_1_11' title="bbox 1480 317 1930 348">
    <p class='ocr_par' dir='ltr' id='par_1_24' title="bbox 1480 317 1930 348">
     <span class='ocr_line' id='line_1_84' title="bbox 1480 317 1930 348; baseline 0 -7"><span class='ocrx_word' id='word_1_300' title='bbox 1480 317 1542 341; x_wconf 67' lang='lat' dir='ltr'>BQJ</span> <span class='ocrx_word' id='word_1_301' title='bbox 1548 317 1703 348; x_wconf 75' lang='lat' dir='ltr'>(breues)OX</span> <span class='ocrx_word' id='word_1_302' title='bbox 1710 318 1770 341; x_wconf 76' lang='lat' dir='ltr'>Par.</span> <span class='ocrx_word' id='word_1_303' title='bbox 1777 318 1834 342; x_wconf 83' lang='lat' dir='ltr'>Lat.</span> <span class='ocrx_word' id='word_1_304' title='bbox 1842 319 1930 348; x_wconf 78' lang='lat'>10438.</span> 
     </span>
    </p>
   </div>
   <div class='ocr_carea' id='block_1_12' title="bbox 1480 639 1932 724">
    <p class='ocr_par' dir='ltr' id='par_1_25' title="bbox 1480 639 1932 724">
     <span class='ocr_line' id='line_1_85' title="bbox 1480 639 1932 678; baseline -0.007 -9"><span class='ocrx_word' id='word_1_305' title='bbox 1480 641 1581 670; x_wconf 86' lang='lat' dir='ltr'>dicens</span> <span class='ocrx_word' id='word_1_306' title='bbox 1609 646 1692 678; x_wconf 86' lang='lat' dir='ltr'>petro</span> <span class='ocrx_word' id='word_1_307' title='bbox 1720 639 1834 668; x_wconf 83' lang='lat' dir='ltr'>felicem</span> <span class='ocrx_word' id='word_1_308' title='bbox 1867 647 1932 667; x_wconf 81' lang='lat' dir='ltr'>esse</span> 
     </span>
     <span class='ocr_line' id='line_1_86' title="bbox 1520 688 1890 724; baseline -0.008 -8"><span class='ocrx_word' id='word_1_309' title='bbox 1520 689 1632 716; x_wconf 91' lang='lat' dir='ltr'>bonum</span> <span class='ocrx_word' id='word_1_310' title='bbox 1648 688 1890 724; x_wconf 85' lang='lat' dir='ltr'>dispensatorem.</span> 
     </span>
    </p>
   </div>
   <div class='ocr_carea' id='block_1_13' title="bbox 1485 1455 1936 1532">
    <p class='ocr_par' dir='ltr' id='par_1_26' title="bbox 1485 1455 1936 1532">
     <span class='ocr_line' id='line_1_87' title="bbox 1485 1455 1935 1493; baseline 0 -9"><span class='ocrx_word' id='word_1_311' title='bbox 1485 1456 1569 1484; x_wconf 90' lang='lat' dir='ltr'>XIII.</span> <span class='ocrx_word' id='word_1_312' title='bbox 1604 1455 1664 1484; x_wconf 90' lang='lat' dir='ltr'>Sub</span> <span class='ocrx_word' id='word_1_313' title='bbox 1693 1455 1830 1493; x_wconf 84' lang='lat' dir='ltr'>exemplo</span> <span class='ocrx_word' id='word_1_314' title='bbox 1865 1456 1935 1493; x_wconf 85' lang='lat' dir='ltr'>gali-</span> 
     </span>
     <span class='ocr_line' id='line_1_88' title="bbox 1525 1504 1936 1532; baseline -0.005 0"><span class='ocrx_word' id='word_1_315' title='bbox 1525 1504 1654 1532; x_wconf 89' lang='lat' dir='ltr'>laeorum</span> <span class='ocrx_word' id='word_1_316' title='bbox 1665 1504 1825 1532; x_wconf 90' lang='lat' dir='ltr'>occisorum</span> <span class='ocrx_word' id='word_1_317' title='bbox 1835 1508 1936 1531; x_wconf 89' lang='lat' dir='ltr'>monet</span> 
     </span>
    </p>
   </div>
   <div class='ocr_carea' id='block_1_14' title="bbox 1526 1550 1936 1681">
    <p class='ocr_par' dir='ltr' id='par_1_27' title="bbox 1526 1550 1936 1681">
     <span class='ocr_line' id='line_1_89' title="bbox 1527 1550 1935 1587; baseline -0.002 -9"><span class='ocrx_word' id='word_1_318' title='bbox 1527 1550 1671 1587; x_wconf 86' lang='lat' dir='ltr'>agendam</span> <span class='ocrx_word' id='word_1_319' title='bbox 1729 1550 1935 1587; x_wconf 85' lang='lat' dir='ltr'>paenitentiam</span> 
     </span>
     <span class='ocr_line' id='line_1_90' title="bbox 1526 1597 1936 1635; baseline -0.005 -9"><span class='ocrx_word' id='word_1_320' title='bbox 1526 1598 1696 1635; x_wconf 84' lang='lat' dir='ltr'>parabolam</span> <span class='ocrx_word' id='word_1_321' title='bbox 1723 1597 1864 1626; x_wconf 90' lang='lat' dir='ltr'>ficulneae</span> <span class='ocrx_word' id='word_1_322' title='bbox 1893 1597 1936 1624; x_wconf 92' lang='lat' dir='ltr'>in-</span> 
     </span>
     <span class='ocr_line' id='line_1_91' title="bbox 1527 1645 1936 1681; baseline -0.005 -8"><span class='ocrx_word' id='word_1_323' title='bbox 1527 1645 1689 1673; x_wconf 87' lang='lat' dir='ltr'>fructuosae</span> <span class='ocrx_word' id='word_1_324' title='bbox 1756 1645 1936 1681; x_wconf 85' lang='lat' dir='ltr'>subiungens</span> 
     </span>
    </p>
   </div>
   <div class='ocr_carea' id='block_1_15' title="bbox 1527 1696 1937 1871">
    <p class='ocr_par' dir='ltr' id='par_1_28' title="bbox 1527 1696 1937 1871">
     <span class='ocr_line' id='line_1_92' title="bbox 1527 1696 1934 1730; baseline -0.007 -9"><span class='ocrx_word' id='word_1_325' title='bbox 1527 1702 1602 1730; x_wconf 88' lang='lat' dir='ltr'>quae</span> <span class='ocrx_word' id='word_1_326' title='bbox 1617 1701 1816 1729; x_wconf 87' lang='lat' dir='ltr'>superuacuae</span> <span class='ocrx_word' id='word_1_327' title='bbox 1830 1696 1934 1719; x_wconf 87' lang='lat' dir='ltr'>terram</span> 
     </span>
     <span class='ocr_line' id='line_1_93' title="bbox 1527 1738 1937 1777; baseline -0.007 -9"><span class='ocrx_word' id='word_1_328' title='bbox 1527 1744 1651 1777; x_wconf 87' lang='lat' dir='ltr'>occupat</span> <span class='ocrx_word' id='word_1_329' title='bbox 1666 1739 1817 1767; x_wconf 88' lang='lat' dir='ltr'>mulierem</span> <span class='ocrx_word' id='word_1_330' title='bbox 1835 1738 1937 1766; x_wconf 86' lang='lat' dir='ltr'>decem</span> 
     </span>
     <span class='ocr_line' id='line_1_94' title="bbox 1527 1786 1936 1815; baseline -0.007 0"><span class='ocrx_word' id='word_1_331' title='bbox 1527 1792 1555 1815; x_wconf 91' lang='lat' dir='ltr'>et</span> <span class='ocrx_word' id='word_1_332' title='bbox 1594 1792 1662 1815; x_wconf 88' lang='lat' dir='ltr'>octo</span> <span class='ocrx_word' id='word_1_333' title='bbox 1698 1786 1782 1814; x_wconf 87' lang='lat' dir='ltr'>annis</span> <span class='ocrx_word' id='word_1_334' title='bbox 1818 1794 1936 1814; x_wconf 85' lang='lat' dir='ltr'>curuam</span> 
     </span>
     <span class='ocr_line' id='line_1_95' title="bbox 1527 1834 1607 1871; baseline 0 -9"><span class='ocrx_word' id='word_1_335' title='bbox 1527 1834 1607 1871; x_wconf 79' lang='lat' dir='ltr'>erigit</span> 
     </span>
    </p>
   </div>
   <div class='ocr_carea' id='block_1_16' title="bbox 1489 2203 1941 2394">
    <p class='ocr_par' dir='ltr' id='par_1_29' title="bbox 1489 2203 1941 2301">
     <span class='ocr_line' id='line_1_96' title="bbox 1522 2203 1940 2233; baseline -0.007 -3"><span class='ocrx_word' id='word_1_336' title='bbox 1522 2206 1581 2230; x_wconf 92' lang='lat' dir='ltr'>XII.</span> <span class='ocrx_word' id='word_1_337' title='bbox 1601 2207 1825 2233; x_wconf 78' lang='lat' dir='ltr'>dispensatorem</span> <span class='ocrx_word' id='word_1_338' title='bbox 1834 2211 1850 2228; x_wconf 81' lang='lat'>÷</span> <span class='ocrx_word' id='word_1_339' title='bbox 1859 2203 1890 2227; x_wconf 90' lang='lat' dir='ltr'>de</span> <span class='ocrx_word' id='word_1_340' title='bbox 1910 2210 1940 2227; x_wconf 89' lang='lat' dir='ltr'>eo</span> 
     </span>
     <span class='ocr_line' id='line_1_97' title="bbox 1490 2237 1941 2268; baseline -0.009 -5"><span class='ocrx_word' id='word_1_341' title='bbox 1490 2240 1532 2263; x_wconf 87' lang='lat' dir='ltr'>ubi</span> <span class='ocrx_word' id='word_1_342' title='bbox 1545 2239 1590 2262; x_wconf 75' lang='lat' dir='ltr'>dns</span> <span class='ocrx_word' id='word_1_343' title='bbox 1602 2238 1662 2262; x_wconf 85' lang='lat' dir='ltr'>dicit</span> <span class='ocrx_word' id='word_1_344' title='bbox 1674 2238 1756 2268; x_wconf 85' lang='lat' dir='ltr'>ignem</span> <span class='ocrx_word' id='word_1_345' title='bbox 1772 2237 1829 2260; x_wconf 88' lang='lat' dir='ltr'>ueni</span> <span class='ocrx_word' id='word_1_346' title='bbox 1843 2237 1941 2260; x_wconf 82' lang='lat' dir='ltr'>mittere</span> 
     </span>
     <span class='ocr_line' id='line_1_98' title="bbox 1489 2271 1716 2301; baseline -0.013 -5"><span class='ocrx_word' id='word_1_347' title='bbox 1489 2273 1513 2296; x_wconf 88' lang='lat' dir='ltr'>in</span> <span class='ocrx_word' id='word_1_348' title='bbox 1526 2276 1615 2296; x_wconf 83' lang='lat' dir='ltr'>terram</span> <span class='ocrx_word' id='word_1_349' title='bbox 1631 2271 1716 2301; x_wconf 79' lang='lat'>10438.</span> 
     </span>
    </p>

    <p class='ocr_par' dir='ltr' id='par_1_30' title="bbox 1490 2302 1941 2394">
     <span class='ocr_line' id='line_1_99' title="bbox 1522 2302 1941 2334; baseline -0.012 -6"><span class='ocrx_word' id='word_1_350' title='bbox 1522 2304 1597 2328; x_wconf 88' lang='lat' dir='ltr'>XIII.</span> <span class='ocrx_word' id='word_1_351' title='bbox 1612 2305 1796 2334; x_wconf 83' lang='lat' dir='ltr'>subiungens:</span> <span class='ocrx_word' id='word_1_352' title='bbox 1810 2302 1941 2332; x_wconf 83' lang='lat' dir='ltr'>subiugans</span> 
     </span>
     <span class='ocr_line' id='line_1_100' title="bbox 1490 2333 1940 2364; baseline -0.011 -2"><span class='ocrx_word' id='word_1_353' title='bbox 1490 2338 1520 2362; x_wconf 88' lang='lat' dir='ltr'>O.</span> <span class='ocrx_word' id='word_1_354' title='bbox 1556 2339 1692 2364; x_wconf 76' lang='lat' dir='ltr'>occupat:</span> <span class='ocrx_word' id='word_1_355' title='bbox 1712 2336 1830 2359; x_wconf 86' lang='lat' dir='ltr'>detineret</span> <span class='ocrx_word' id='word_1_356' title='bbox 1852 2333 1940 2358; x_wconf 81' lang='lat' dir='ltr'><strong>B(-)JO</strong></span> 
     </span>
     <span class='ocr_line' id='line_1_101' title="bbox 1497 2371 1578 2394; baseline -0.025 0"><span class='ocrx_word' id='word_1_357' title='bbox 1497 2371 1578 2394; x_wconf 67' lang='lat' dir='ltr'>lem,</span> 
     </span>
    </p>
   </div>
  </div>
 </body>
</html>
