2209 3147
346 225 408 266 306

510 309 611 333 AHVY
619 310 696 333 Harl.
711 314 780 340 2797.

347 966 457 995 XCIII.
483 966 511 995 A
533 967 646 995 duobus
672 967 700 994 id
723 971 766 995 est
791 965 892 1003 cleopa
918 970 945 993 et

387 1014 468 1042 socio
498 1014 559 1042 eius
589 1014 670 1042 cuius
700 1022 807 1041 nomen
837 1017 946 1040 tacetur

387 1062 521 1090 euntibus
545 1062 574 1089 in
600 1061 749 1089 castellum
773 1060 852 1097 quod
878 1064 945 1087 tunc

387 1117 519 1137 emmaus
540 1109 700 1137 uocabatur
719 1112 784 1145 post
807 1107 945 1135 confabu-

386 1155 524 1184 lationem
561 1156 702 1193 prolixam
739 1155 768 1182 in
808 1154 946 1182 fractione

387 1203 471 1240 panis
486 1203 659 1240 agnoscitur.

348 1532 474 1561 XCIIII.
512 1531 765 1568 Conloquentibus
801 1530 948 1567 discipulis

388 1579 506 1607 adstans
528 1579 556 1606 in
578 1578 675 1606 medio
698 1578 764 1606 dicit
786 1587 843 1615 pax
865 1578 948 1606 uobis

388 1631 417 1654 et
453 1625 547 1653 adhuc
581 1630 722 1662 pauentes
758 1625 947 1662 spiritumque

388 1677 524 1710 putantes
552 1673 718 1701 ostensione
745 1672 947 1700 transfixarum

389 1729 530 1748 manuum
579 1719 745 1756 pedumque
795 1719 947 1747 confirmat

389 1767 478 1795 edens
507 1775 605 1795 coram
632 1767 700 1804 ipsis
725 1772 837 1803 partem
862 1766 947 1803 piscis

389 1812 446 1840 assi
489 1816 517 1840 et
560 1811 658 1839 fanum
701 1811 793 1839 mellis
836 1811 949 1839 instruit

390 1868 441 1887 eos
470 1858 646 1895 promissum
674 1858 761 1895 patris
791 1858 947 1886 missurum

390 1915 420 1934 se
443 1905 543 1933 dicens
565 1904 694 1932 ascendit
716 1905 746 1932 in
768 1905 889 1933 caelum.

1152 310 1229 340 cm.

1012 357 1059 384 Ab
1075 356 1144 384 hora
1161 361 1242 384 sexta
1257 355 1368 392 husque
1384 354 1420 382 ad

1053 412 1162 432 nonam
1198 402 1260 430 dies
1295 402 1420 430 hobscu-

1054 455 1131 478 ratus
1147 454 1216 477 aest.

1014 497 1050 525 Et
1073 497 1132 524 ihm
1157 499 1221 533 sprn
1251 495 1419 523 hemittente

1055 544 1150 572 uelum
1175 543 1274 580 templi
1299 543 1419 571 scissum

1055 596 1124 619 aest.

1014 638 1128 673 Quibus
1144 638 1212 665 uisis
1227 637 1377 665 centhurio
1393 641 1420 665 et

1055 686 1102 722 qui
1119 685 1238 713 aderant
1253 685 1323 712 dnm
1340 693 1420 721 mag-

1055 733 1181 760 nificant.

1015 779 1122 817 Ioseph
1152 779 1278 816 postulat
1314 787 1420 815 corpus

1054 832 1099 855 aet
1115 826 1222 864 sepelit.

1014 874 1103 909 Quod
1113 874 1245 902 mulieres
1257 873 1419 910 relinquen-

1055 927 1097 950 tes
1112 930 1172 949 non
1188 921 1348 948 inueniunt.

973 971 1066 997 XXI.
1082 969 1252 996 Nuntiant
1263 969 1421 995 mulieres

1055 1017 1251 1050 angelorum
1320 1016 1421 1043 uisio-

1054 1072 1140 1091 nem.

1015 1120 1069 1139 nec
1086 1110 1206 1138 credunt
1222 1109 1363 1146 discipuli.

1015 1158 1126 1186 Euntes
1141 1157 1199 1185 (luo
1218 1157 1254 1184 ad
1272 1156 1421 1184 castellum

1055 1205 1084 1232 in
1100 1204 1183 1242 panis
1198 1204 1335 1232 fractione
1351 1206 1422 1240 xpm

1056 1256 1227 1289 agnoscunt.

1016 1299 1130 1334 Quibus
1160 1299 1203 1326 ihs
1232 1298 1364 1335 apparuit
1394 1302 1422 1325 et

1057 1347 1157 1384 plagas
1170 1355 1229 1373 non
1240 1345 1423 1373 credentibus

1056 1393 1202 1422 hostendit
1242 1398 1270 1420 et
1312 1392 1421 1429 piscem

1056 1441 1111 1469 hac
1134 1440 1231 1468 fauum
1257 1438 1422 1468 aedendum

1057 1487 1178 1524 accepit.

1017 1535 1192 1572 Adloquitur
1218 1534 1366 1571 apostolos
1396 1538 1424 1561 et

1058 1592 1109 1611 cor
1133 1590 1252 1610 aeorum
1275 1581 1365 1618 aperit
1388 1581 1424 1608 ad

1057 1628 1276 1665 intelligendum
1282 1628 1360 1665 quod
1370 1627 1424 1656 hoc

1058 1676 1184 1713 compati
1200 1675 1385 1712 hoportuerit.

1016 1723 1053 1752 Et
1069 1723 1119 1751 hut
1135 1723 1190 1751 illic
1203 1726 1318 1751 aessent
1330 1722 1423 1750 donec

1058 1771 1087 1798 in
1102 1779 1152 1799 eos
1167 1769 1276 1797 ueniret
1291 1769 1390 1797 uirtus.

1017 1818 1104 1846 Tunc
1130 1817 1275 1845 benedixit
1301 1825 1370 1844 aeos
1394 1821 1423 1844 et

1058 1864 1174 1893 recessit
1223 1863 1423 1901 relinquidque

1058 1911 1208 1941 laudantes
1257 1910 1344 1939 deum
1394 1910 1423 1938 in

1058 1958 1176 1995 templo.

383 2038 480 2062 XCIII.
506 2045 630 2061 emmaus
647 2044 664 2061 ÷
681 2045 744 2061 nnnc
773 2037 882 2068 nicopoli
914 2038 947 2061 H.
1010 2038 1128 2061 XX.iesu
1143 2037 1427 2067 Thommagnificabant

350 2072 472 2097 uocitatur
485 2071 519 2094 H.
977 2071 1008 2094 al.
1033 2074 1071 2101 ap.
1100 2070 1184 2094 Thom.
1219 2071 1426 2098 relinquentes:

383 2103 493 2128 XCIIII.
521 2103 685 2127 ostensionem
706 2102 741 2126 H.
779 2103 949 2126 transfixuram

350 2137 428 2161 Harl.
463 2142 574 2160 eos÷ac
588 2135 621 2159 H.

384 2170 481 2193 Snbscr.
505 2168 639 2199 expliciunt
657 2167 766 2199 capitula
785 2168 852 2196 IIV;
874 2168 949 2200 expli-

351 2203 419 2226 ciunt
438 2202 548 2233 capitula
567 2201 699 2225 secundum
723 2201 794 2224 lucan
818 2201 856 2229 Y;
883 2202 953 2225 nillil

352 2235 441 2259 habent
453 2236 477 2258 A
488 2234 563 2258 Harl.

977 2104 1125 2135 requirentes
1153 2103 1177 2126 Τ
1175 2103 1237 2126 liam.
1260 2105 1320 2133 (non
1343 2107 1427 2127 autem

982 2137 1039 2160 Cat.
1053 2142 1114 2166 4²²1
1129 2139 1152 2158 et
1163 2136 1235 2159 Alex.
1253 2137 1301 2160 ιο).

1011 2169 1082 2192 XXI.
1097 2172 1264 2196 agnoscunt:
1278 2173 1428 2199 cognoscunt

983 2203 1075 2229 Thom„
1093 2205 1115 2224 el
1130 2208 1146 2224 4-
1162 2206 1185 2224 et
1197 2202 1285 2226 reuersi
1298 2202 1428 2232 discipulis

979 2235 1086 2258 indicant
1105 2234 1189 2258 leom.
1225 2237 1328 2262 qujbus
1337 2242 1353 2259 ψ
1363 2235 1427 2258 subi-

980 2271 1005 2291 to
1022 2267 1106 2291 leom.
1119 2275 1180 2297 gnon
1192 2272 1275 2291 auttm
1293 2268 1349 2292 [sat.
1364 2275 1425 2297 4221

977 2304 1000 2323 cl
1012 2301 1084 2323 Alex.
1101 2302 1150 2325 Iol.
1183 2308 1212 2323 ae
1230 2301 1321 2331 piscem
1342 2300 1426 2324 Tlmm.

979 2334 1009 2357 ad
1022 2333 1143 2356 edendum
1157 2333 1247 2364 accipit
1265 2334 1348 2356 Thom.
1381 2333 1428 2357 hoc

979 2373 1034 2389 eum
1047 2365 1099 2397 pati
1113 2366 1196 2390 Thom.
1207 2369 1229 2389 ct
1239 2366 1286 2389 hoc
1296 2374 1351 2389 eum
1361 2374 1427 2389 com-

979 2399 1030 2430 pati
1043 2399 1099 2422 Uat.
1111 2405 1170 2429 4221
1184 2402 1206 2422 et
1215 2399 1287 2422 Alex.
1301 2405 1337 2422 10.
1372 2401 1427 2422 uir—

979 2435 1025 2455 tus
1034 2438 1050 2455 ψ
1059 2431 1196 2454 ammonuit
1210 2432 1294 2455 Tlmm.
1329 2433 1426 2455 deum:

979 2464 1107 2487 dominum
1122 2464 1206 2487 Tltam.

1013 2497 1109 2520 Subscr.
1124 2496 1225 2527 explicit
1233 2496 1347 2521 elenchus
1355 2505 1427 2520 euan-

979 2530 1037 2560 gelii
1051 2529 1119 2553 lucae
1133 2530 1161 2553 C.

565 225 617 254 CA
624 225 792 254 PITULA
822 225 878 253 IN
900 225 986 254 EUA
994 225 1220 254 NGELJGM
1239 224 1499 254 SECUNDUM
1519 224 1547 252 L
1555 224 1637 254 UCA
1643 224 1691 253 M.

1613 307 1716 338 DEPGQ
1729 316 1787 331 azur.

1450 969 1603 997 LXXVII.
1625 970 1659 997 In
1672 969 1807 1007 passione
1820 968 1890 997 dixit
1907 969 1952 997 ihs

1490 1022 1570 1053 pater
1596 1017 1707 1045 dimitte
1733 1017 1785 1044 illis
1810 1016 1878 1053 quia
1901 1026 1951 1044 ne-

1490 1064 1583 1092 sciunt
1598 1069 1626 1092 et
1641 1064 1691 1092 uni
1707 1063 1865 1092 latronibus
1882 1063 1952 1092 dicit

1490 1110 1576 1139 hodie
1599 1120 1713 1140 mecum
1736 1111 1791 1139 eris
1813 1110 1843 1138 in
1868 1119 1952 1147 para-

1491 1158 1565 1186 diso.

1454 1534 1700 1563 LXXVIII.Post
1711 1536 1952 1564 resurrectionem

1493 1582 1625 1619 apparuit
1643 1582 1687 1610 ihs
1706 1592 1746 1610 -11·
1766 1583 1902 1610 euntibus
1924 1583 1953 1610 in

1493 1629 1591 1657 uillam
1612 1634 1640 1658 et
1660 1629 1799 1666 apostolis
1817 1635 1845 1657 et
1866 1630 1953 1658 bene-

1493 1677 1592 1705 dicens
1613 1686 1664 1705 eos
1686 1677 1817 1705 ascendit
1838 1676 1867 1704 in
1889 1685 1954 1705 cae-

1492 1724 1561 1751 lum.

1487 2039 1620 2063 LXXVII.
1650 2043 1707 2063 ÷et
1730 2039 1765 2062 ad
1786 2039 1844 2062 init.
1869 2039 1956 2070 EPGQ.

1455 2074 1496 2096 uni
1513 2073 1542 2096 de
1559 2072 1612 2096 latr.
1628 2072 1724 2103 φακῆ,
1743 2080 1792 2096 uno
1807 2072 1838 2095 de
1855 2071 1909 2096 latr.
1922 2072 1954 2095 G.

1455 2106 1517 2129 dixit
1536 2105 1625 2129 Gaur.
1664 2110 1690 2132 >
1702 2112 1797 2128 meeum
1817 2105 1863 2128 eris
1882 2104 1956 2128 hodie

1456 2139 1479 2162 G
1488 2146 1545 2161 amr.

1488 2170 1633 2194 LXXVIII.
1663 2172 1774 2194 duobus
1794 2177 1810 2193 4-
1833 2169 1955 2201 apostolis

1455 2212 1512 2227 aur.
1525 2207 1547 2227 ct
1554 2207 1637 2234 postea
1649 2211 1694 2227 om.
1707 2206 1735 2226 et
1747 2204 1888 2230 apostolis.
1923 2202 1955 2225 ad

1455 2236 1541 2260 uillam
1555 2236 1585 2266 Q.
1622 2236 1646 2259 in
1659 2235 1734 2259 caelis
1747 2236 1824 2266 sPGQ
1832 2243 1888 2258 tzur.

1489 2269 1585 2292 Subscr.
1612 2268 1664 2292 finit
1684 2268 1715 2291 de
1736 2269 1823 2291 lucano
1845 2268 1878 2295 D,
1897 2266 1958 2298 exp?

1455 2302 1525 2333 capt'l'
1543 2301 1584 2324 sssd
1605 2301 1686 2325 lucam
1705 2301 1737 2329 G,
1755 2301 1856 2332 explicit
1875 2300 1956 2323 breuis

1456 2334 1591 2365 disputatio
1600 2333 1720 2364 euangelii
1731 2333 1864 2357 secundum
1874 2332 1954 2355 lucam

1456 2367 1551 2398 (deinde
1559 2367 1762 2398 sequiturineipit
1771 2364 1955 2397 interpraetatio

1455 2403 1523 2423 nomi
1539 2399 1659 2428 eiusdem)
1676 2399 1720 2428 ΞΡς
1738 2399 1808 2422 nillil
1822 2398 1912 2421 Izalam:
1926 2400 1955 2420 ut

1455 2433 1559 2456 uidetur
1570 2432 1593 2463 Q
1604 2440 1661 2455 aur.
