2209 3147
316 240 376 271 282

478 324 666 348 AvaHas-l.
680 327 749 353 2797·

315 466 443 495 XXVII.
467 464 684 493 Discumbentis
699 463 810 492 domini
827 462 916 500 pedes

355 513 458 542 mulier
480 512 605 540 lacrimis
627 511 700 547 rigat
721 516 750 538 et
772 510 915 547 pharisaei

356 560 492 598 cogitatio
503 558 642 596 parabola
653 558 777 586 duorum
789 558 916 594 arguitur

355 608 527 636 debitorum.

315 748 459 778 XXVIII.
488 746 707 783 Euangelizanti
737 746 858 774 domino
889 749 917 773 et

357 795 503 833 discipulis
536 795 598 822 eius
630 793 765 822 mulieres
794 793 829 821 de
859 792 916 820 suis

356 843 489 871 dicuntur
525 841 708 870 facultatibus
739 841 916 868 ministrasse

359 889 526 927 parabolam
537 897 655 926 quoque
666 887 833 916 seminantis
843 887 916 914 fruc-

356 942 496 974 tuumque
512 936 651 973 proponit
666 940 752 973 atque
768 934 895 972 exponit.

317 1127 429 1155 XXIX.
454 1126 617 1154 Lucernam
634 1125 689 1153 sub
704 1132 773 1152 uase
789 1132 848 1152 non
864 1131 917 1159 po-

358 1173 485 1202 nendam
503 1178 531 1201 et
549 1182 601 1201 eos
618 1177 739 1200 matrem
760 1170 918 1207 fratresque

358 1220 508 1249 uocandos
537 1220 576 1249 ait
604 1219 653 1257 qui
681 1217 770 1255 patris
799 1216 918 1245 fecerint

358 1268 547 1296 uoluntatem.

319 1361 414 1390 XXX.
438 1361 473 1389 In
502 1361 570 1389 naui
600 1359 749 1389 dormiens
779 1359 919 1387 excitatur

360 1419 377 1437 a
405 1408 632 1446 periclitantibus
661 1411 689 1435 et
717 1410 919 1444 tempestatem

359 1456 447 1484 maris
468 1456 558 1484 uerbo
580 1454 748 1492 compescit.

320 1550 432 1579 XXXI.
456 1549 618 1578 Hominem
641 1557 658 1577 a
680 1548 859 1577 daemonum
882 1547 921 1575 le-

360 1598 448 1635 gione
471 1597 580 1625 curauit
602 1604 677 1634 quos
700 1596 729 1624 in
752 1604 859 1632 porcos
882 1594 921 1622 ire

362 1644 512 1673 concessit.

355 1822 465 1846 XXVII.
485 1821 553 1853 pedis
567 1821 602 1844 H.

355 1855 479 1879 XXVIII.
498 1862 543 1877 om.
557 1857 640 1881 atque
653 1854 770 1881 exponit
782 1853 813 1877 V.

355 1888 453 1912 XXXI.
471 1887 613 1911 demonium
627 1886 660 1909 H.
697 1886 806 1917 legiones
819 1886 895 1910 Harl.

790 239 841 267 CA
849 236 1017 266 PITIJLA
1045 237 1104 265 IN
1124 235 1211 263 EUA
1219 233 1444 264 NGELJUM

1149 320 1227 350 cm.

1011 461 1117 489 Mulier
1132 460 1277 497 peccatrix
1293 459 1417 487 lacrimis

1050 507 1138 545 pedes
1152 507 1203 543 xpi
1215 507 1294 534 lauat
1305 510 1333 533 et
1344 505 1418 533 hun-

1051 560 1119 591 guet
1135 559 1251 591 propter
1263 562 1352 591 quam
1367 562 1417 590 pa-

1051 601 1181 630 rabulam
1203 601 1307 629 dicitur
1327 600 1417 628 credi-

1051 649 1120 677 toris
1149 649 1198 686 qui
1234 657 1336 685 parum
1372 647 1418 675 uel

1051 696 1174 724 multum
1190 695 1332 724 concedit.

1011 744 1046 772 In
1066 744 1165 772 itinere
1184 743 1371 780 sequentibus
1389 751 1418 770 se

1051 791 1142 819 turbis
1182 795 1210 818 et
1251 789 1420 817 mulieribus

1052 847 1128 875 quae
1148 842 1263 866 curatae
1283 842 1364 865 erant
1384 836 1420 864 si-

1051 885 1244 913 militudinem
1257 884 1420 913 saerninan—

1052 932 1087 961 tis
1109 932 1177 960 dicit
1200 932 1280 960 cuius
1301 940 1420 959 saemen

1052 980 1081 1007 in
1107 980 1218 1008 bonam
1245 984 1349 1007 terram
1374 978 1421 1006 uel

1052 1031 1200 1064 petrosam
1215 1026 1344 1054 caecidit.

972 1123 1050 1150 VII.
1071 1123 1260 1150 Lucernam
1275 1130 1343 1149 non
1358 1123 1421 1149 sub

1053 1177 1134 1197 uase
1153 1171 1213 1197 sed
1227 1177 1330 1203 super
1345 1176 1422 1196 ean-

1053 1218 1231 1244 delabrum
1246 1216 1337 1250 poni.

1016 1262 1142 1291 Matrem
1165 1269 1193 1291 et
1216 1262 1316 1291 fratres
1340 1271 1422 1300 repu—

1055 1310 1123 1339 diat.

1015 1357 1168 1394 Nauigans
1193 1362 1259 1395 post
1285 1365 1423 1384 somnum

1055 1409 1257 1442 tempestatem
1273 1403 1361 1432 sedat.

1017 1546 1179 1574 Hominem
1191 1556 1207 1574 a
1219 1545 1424 1574 maledictione

1057 1593 1167 1622 liberat.

1470 318 1532 342 ΒΘ]
1536 316 1639 348 (breues)
1644 317 1692 341 ΟΧ
1698 318 1759 341 Par.
1767 317 1821 340 Lat.
1830 323 1839 340 1
1844 323 1876 347 04
1879 316 1918 347 38.

1469 458 1571 486 mulier
1607 458 1752 495 peccatrix
1792 457 1918 485 lacrimis

1511 504 1599 542 pedes
1616 505 1665 541 xpi
1681 505 1760 532 labat

1472 745 1501 773 in
1530 745 1630 773 itinere
1666 745 1855 782 sequentibus
1891 754 1921 773 se

1513 792 1582 820 uiris
1599 802 1632 821 ac
1651 792 1818 820 mulieribus
1838 801 1922 829 para-

1514 839 1612 868 bolam
1629 839 1797 868 seminantis
1813 839 1881 867 dicit

1475 1121 1510 1150 de
1545 1121 1662 1149 lucerna
1696 1130 1783 1159 super
1816 1119 1922 1149 cande-

1515 1168 1629 1197 labrum

1477 1357 1620 1394 nauigans
1649 1360 1852 1393 tempestatem
1881 1364 1925 1383 se-

1518 1404 1567 1432 dat

1478 1546 1513 1574 de
1528 1546 1570 1573 eis
1585 1545 1635 1582 qui
1647 1545 1769 1572 uerbum
1780 1543 1808 1571 di
1820 1544 1928 1572 faciunt

1478 1593 1513 1621 de
1529 1592 1645 1629 legione
1661 1591 1885 1619 daemoniorum
1898 1591 1927 1618 in

1518 1648 1634 1677 porcos.

1009 1821 1055 1844 VI.
1079 1819 1198 1851 parabola
1224 1820 1314 1843 dicitur
1342 1819 1425 1842 Tlmm.

977 1854 1042 1878 cred.
1063 1854 1103 1877 cui
1123 1861 1147 1884 p.
1169 1853 1209 1876 uel
1232 1860 1264 1875 m.
1286 1852 1428 1876 conceditur

982 1887 1067 1910 leom.
1078 1886 1211 1914 (sedAlcx.
1222 1892 1252 1909 10
1261 1889 1284 1909 et
1297 1886 1354 1909 Uat.
1363 1891 1424 1914 4221

977 1919 1109 1943 conceditl.
1140 1922 1238 1950 petrosa
1248 1919 1281 1942 al.
1289 1921 1328 1948 ap.
1342 1918 1426 1940 Tlmm.

981 1953 1006 1976 T
1003 1953 1065 1975 hom.
1079 1952 1127 1975 inc.
1137 1960 1155 1975 c.
1167 1952 1200 1974 vii
1212 1951 1247 1974 ad
1256 1952 1325 1974 Iairi
1337 1951 1428 1974 filium

977 1989 1018 2008 etc.
1054 1985 1099 2008 sub
1116 1992 1159 2008 uas
1176 1984 1259 2007 Thom.
1295 1984 1427 2007 maledic-

978 2020 1072 2041 tione:
1098 2017 1196 2048 legione
1218 2017 1318 2045 Tltom.;
1342 2019 1365 2040 et
1381 2024 1427 2040 om.

978 2052 1081 2074 liberat
1093 2051 1166 2074 Alex.
1181 2056 1218 2073 10.

1513 1818 1557 1842 VI.
1579 1817 1678 1844 >labit
1690 1815 1765 1848 pedes
1777 1816 1862 1840 christi
1872 1817 1929 1843 (om.

1479 1851 1614 1881 lacrimis)
1630 1851 1656 1873 B.
1691 1851 1760 1873 dicit
1777 1856 1795 1872 ψ
1810 1853 1888 1872 mater
1905 1852 1930 1872 et

1480 1885 1564 1908 fratres
1584 1887 1701 1907 uenerunt
1719 1883 1747 1906 J.
1783 1882 1829 1905 ins.
1849 1882 1881 1904 vii
1899 1881 1934 1904 ad

1480 1919 1513 1940 de
1528 1919 1642 1940 lucerna
1656 1916 1743 1939 BQJJO
1757 1915 1841 1938 leom.
1854 1918 1877 1937 et
1887 1918 1929 1945 po-

1480 1953 1546 1973 mmt
1570 1951 1706 1976 nauigans
1727 1951 1746 1971 t..
1766 1955 1786 1971 s.
1809 1951 1878 1976 stret
1901 1947 1931 1970 de

1480 1982 1577 2013 legione
1588 1982 1618 2007 J)
1631 1985 1687 2004 ante
1700 1983 1734 2004 de
1746 1982 1861 2004 lucerna
1875 1987 1895 2002 S.
1909 1987 1930 2003 c.

1482 2016 1542 2039 Bm
1552 2016 1575 2038 T
1573 2015 1635 2038 Imm.
1659 2014 1731 2037 uarie
1741 2013 1799 2043 Agit
1806 2014 1866 2036 Par.
1875 2013 1931 2035 Lat.

1485 2049 1561 2078 10438
1578 2048 1609 2070 de
1624 2055 1654 2071 eo
1670 2046 1735 2077 quod
1748 2046 1847 2069 lueema
1859 2053 1932 2076 supra

1481 2081 1655 2104 candelabrum
1685 2079 1745 2110 poni
1770 2079 1866 2102 debeat.
1901 2078 1932 2101 de

1482 2113 1596 2137 fratribus
1609 2116 1632 2136 et
1645 2117 1721 2135 matre
1733 2112 1765 2134 ad
1775 2111 1825 2134 ihm
1835 2111 1933 2134 uenien-

1482 2147 1550 2169 tium.
1586 2146 1616 2169 de
1636 2146 1671 2168 eis
1695 2145 1736 2176 qui
1757 2145 1874 2167 uerbuum
1893 2143 1934 2166 dei

1483 2179 1585 2203 audiunt
1600 2182 1625 2202 et
1641 2178 1738 2201 faciunt.
1775 2177 1805 2200 de
1820 2184 1850 2200 eo
1867 2176 1934 2207 quod

1483 2212 1603 2242 nauigans
1643 2212 1815 2241 tempestatem
1856 2209 1931 2232 sedat.

1483 2247 1541 2268 eis:
1559 2244 1597 2267 his
1615 2244 1666 2267 OJ.
1701 2243 1725 2266 in
1743 2242 1824 2274 porcis
1841 2242 1872 2270 J3
1890 2242 1934 2264 ho-

1484 2278 1574 2301 minem
1585 2277 1766 2307 liberatumpro
1774 2277 1804 2298 in
1811 2283 1837 2303 p.
1847 2274 1931 2305 10438.
