2209 3147
384 257 446 290 734
1015 246 1256 275 EPJLOGUS.

382 334 528 365 colorum
549 333 687 364 lineolae
704 334 866 364 secundae
890 337 921 363 et
947 336 1123 372 sequentes
1139 342 1204 362 non
1229 331 1388 371 incipiunt
1406 332 1465 362 nisi
1483 331 1544 362 sub
1566 332 1709 363 secunda
1727 331 1777 363 uel
1795 333 1892 364 tertia

383 387 492 417 littera
516 386 657 416 lineolae
679 385 913 416 antecedentis.
961 383 1137 415 Commata
1155 393 1288 423 quoque
1307 383 1453 414 similiter
1470 385 1629 424 incipiunt
1645 395 1650 420 ;
1676 385 1721 415 ita
1739 390 1773 415 ut
1791 395 1890 425 saepe

382 439 506 478 ambigi
523 438 627 478 possit
645 443 753 468 utrum
772 442 849 467 ante
862 436 973 467 oculos
991 436 1032 466 sit
1049 436 1109 466 coli
1128 445 1202 475 pars
1220 435 1354 467 fortuito
1371 436 1542 473 disiuncta,
1559 446 1601 466 an
1619 446 1749 466 comma
1766 447 1892 468 uerum.

384 490 567 522 Commatis
589 490 676 520 enim
697 489 815 520 diuisio
835 489 1016 520 secundum
1043 487 1207 518 Isidorum
1229 487 1338 518 locum
1360 492 1454 518 notat
1477 488 1530 518 ubi
1552 487 1707 518 lectorem
1733 489 1891 528 respirare

381 547 542 582 oporteat,
566 541 718 581 quamuis
750 551 865 571 sensus
893 550 958 571 non
986 539 1169 580 expleatur,
1194 545 1227 570 et
1255 550 1293 570 ea
1319 544 1448 570 tantum
1478 540 1605 570 ratione
1632 539 1694 570 coli
1723 550 1799 579 pars
1826 540 1892 570 dici

382 599 502 634 potest,
527 599 563 624 ut
588 603 673 633 quae
700 603 758 632 per
785 603 819 623 se
847 592 971 632 aliquid
998 591 1186 632 expt·imat;
1224 591 1313 631 quod
1342 602 1401 621 nos
1427 592 1566 622 dicimus
1592 603 1612 622 a
1636 591 1814 622 snb-clause
1839 592 1891 623 uel

381 657 402 676 a
428 645 602 685 dtpcndent
625 645 738 675 clause.
787 645 887 676 Unde
914 644 951 674 fit
978 644 1067 683 quod
1092 654 1111 673 a
1135 643 1228 674 nobis
1254 644 1286 673 in
1312 643 1442 674 lectoris
1468 644 1681 674 commodum
1710 645 1893 675 necessario

381 697 625 728 diiudicandum
649 696 732 728 foret
757 697 835 736 quid
860 702 944 726 esset
967 695 1062 726 colon
1090 701 1123 726 et
1147 695 1227 735 quid
1254 701 1339 726 esset
1364 706 1506 726 comma.
1554 695 1635 726 Cola
1663 696 1892 735 impressimus

382 759 448 780 uno
472 754 595 785 tenore,
616 748 767 789 neglecta
788 749 922 779 fortuita
942 747 1154 778 distinctione
1179 757 1264 787 quae
1289 757 1387 787 saepe
1410 747 1441 777 in
1463 748 1575 778 codice
1599 752 1746 788 apparet,
1764 753 1800 779 ut
1822 758 1890 788 e.g.

382 802 436 831 ubi
465 801 663 832 uocabulum
690 802 720 831 in
747 802 829 831 duas
856 805 966 840 partes
991 799 1172 836 scinditur;
1204 804 1371 830 commata
1397 810 1476 830 uero
1501 810 1631 839 semper
1657 810 1743 831 noua
1769 799 1893 831 lineola

382 853 566 893 incipimus.
628 854 705 884 Non
742 854 828 883 euim
863 852 985 883 codicis
1024 851 1271 881 similitudinem
1303 851 1601 891 photographicam
1633 852 1891 891 exprimendam

381 905 597 944 suscepimus,
619 906 675 936 sed
703 904 919 936 distinctionis
941 913 1026 943 quae
1050 903 1082 933 in
1107 913 1146 932 eo
1170 908 1327 943 appareat
1350 903 1552 933 reddendam
1578 903 1748 934 rationem.
1796 903 1892 943 Quae

381 957 491 987 omnia
511 957 604 988 facile
626 958 835 997 apparebunt
857 956 977 987 collata
998 960 1092 995 parte
1109 954 1282 985 columnae
1304 955 1469 985 secundae
1485 955 1626 995 paginae
1643 965 1727 995 quae
1744 956 1891 986 continet

383 1009 462 1039 Luc.
482 1010 521 1039 iv.
539 1018 578 1049 32
593 1009 614 1040 b
638 1020 741 1049 usque
764 1010 805 1039 ad
829 1020 857 1039 v.
879 1008 907 1045 6,
927 1018 1012 1048 quae
1037 1007 1068 1037 in
1093 1007 1175 1037 libro
1197 1007 1222 1036 Ι.
1249 1007 1285 1037 Β.
1304 1007 1345 1037 de
1372 1007 1469 1037 Rossi
1490 1007 1543 1037 La
1566 1007 1683 1038 Bz'bbz'a
1708 1007 1823 1046 offi'rta
1848 1007 1892 1038 da

385 1060 545 1100 Ceolfrido
568 1067 639 1097 etc„
664 1067 697 1092 et
720 1059 1012 1100 Palczcograplzical
1034 1059 1168 1098 society.
1191 1058 1259 1089 Ser.
1287 1067 1313 1097 2,
1337 1059 1427 1089 tabb.
1454 1058 1504 1098 65.
1529 1059 1569 1088 66
1595 1064 1893 1098 repraesentantur.

383 1112 502 1144 Confer
530 1113 630 1143 etiam
658 1113 840 1144 Old-Lalin
864 1111 1006 1143 Biblz'cal
1031 1111 1128 1141 Texts
1150 1110 1179 1148 Ι,
1202 1121 1232 1150 p.
1252 1111 1310 1141 xlii
1337 1110 1405 1151 (ubi
1430 1111 1571 1142 lineolae
1595 1117 1802 1142 commatum
1827 1111 1891 1142 loci

383 1164 416 1196 S.
440 1165 510 1195 Ioh.
539 1165 557 1195 i.
584 1167 642 1194 1—6
675 1166 771 1196 nimis
798 1166 1009 1196 dextrorsum
1035 1160 1210 1204 incipiunt)
1234 1168 1266 1193 et
1295 1163 1327 1194 P.
1356 1163 1506 1200 Corssen,
1531 1163 1764 1202 Epistularum
1793 1163 1891 1193 Paul.

381 1217 499 1248 codices
517 1241 522 1246 .
543 1242 549 1248 .
571 1242 577 1248 .
594 1218 624 1247 Α
629 1218 801 1257 ιςςιὶπςευῑ,
823 1216 1089 1255 Boemzerianum,
1115 1214 1412 1254 claromontaasmn,
1427 1215 1632 1246 examinastis
1649 1220 1718 1252 etc„
1734 1215 1891 1255 specimen

374 1269 533 1310 primum,
550 1280 604 1310 pp.
625 1268 662 1299 18
680 1280 746 1310 seq.

679 1355 705 1384 C
706 1356 776 1384 odeat·
798 1356 963 1383 Amz‘alz'nus
1284 1353 1380 1381 Editio
1395 1357 1490 1382 nostra
1505 1353 1567 1392 (Le.
1582 1354 1617 1381 iv.
1633 1363 1718 1389 41-V.
1737 1355 1764 1392 1)

392 1429 507 1459 LXXVIII
521 1423 587 1459 quia
604 1422 731 1450 sciebant
747 1422 843 1459 ipsum
859 1431 922 1450 esse
937 1424 1008 1458 xpm
1201 1420 1268 1457 quia
1284 1420 1411 1448 sciebant
1427 1421 1521 1457 ipsum
1537 1429 1599 1448 esse
1615 1420 1762 1449 christum.

396 1480 469 1509 Rvm
519 1472 607 1500 Facta
623 1477 718 1499 autem
736 1472 779 1499 die
795 1480 927 1508 egressus
944 1472 1002 1499 ibat
1170 1467 1191 1483 ¹²
1203 1468 1239 1492 (²³¹
1252 1467 1270 1493 Β)
1287 1469 1373 1497 Facta
1389 1476 1485 1497 autem
1501 1470 1545 1498 die
1562 1479 1695 1506 egressus
1711 1470 1770 1498 ibat

390 1512 423 1540 Μ
440 1521 497 1541 ΧΠῙ
560 1522 588 1549 in
605 1521 748 1549 desertum
765 1521 862 1549 locum
1243 1519 1272 1546 in
1288 1519 1432 1546 desertum
1449 1519 1546 1547 locum

518 1576 545 1598 et
562 1571 663 1598 turbae
678 1570 860 1607 requirebant
877 1579 943 1598 eum
1203 1574 1229 1595 et
1245 1569 1345 1596 turbae
1362 1568 1546 1605 requirebant
1563 1577 1629 1596 eum

560 1625 586 1647 et
603 1625 743 1647 uenerunt
759 1628 850 1656 usque
867 1619 903 1647 ad
918 1619 1017 1656 ipsu÷
1243 1623 1269 1645 et
1286 1623 1425 1645 uenerunt
1442 1626 1532 1654 usque
1549 1617 1586 1645 ad
1601 1618 1698 1655 ipsum

518 1675 546 1697 et
562 1669 730 1697 detinebant
747 1669 826 1696 illum
1203 1671 1230 1694 et
1246 1666 1411 1694 detinebant
1428 1667 1507 1694 illum

560 1728 596 1746 ne
615 1718 774 1746 discederet
790 1718 827 1746 ab
843 1718 883 1746 eis
1243 1725 1279 1744 ne
1296 1715 1456 1744 discederet
1472 1717 1508 1744 ab
1524 1717 1564 1744 eis

520 1767 597 1806 quib’
613 1768 658 1796 ille
675 1768 712 1795 ait
729 1768 796 1805 quia
812 1773 839 1796 et
855 1767 915 1795 aliis
932 1767 988 1795 ciui
1170 1765 1190 1780 ⁴¹³
1201 1766 1305 1803 quibus
1321 1765 1366 1793 ille
1382 1765 1419 1793 ait
1436 1766 1503 1802 quia
1522 1771 1549 1794 et
1567 1765 1629 1794 aliis
1644 1766 1808 1794 ciuitatibus

601 1817 705 1845 tatibus
721 1823 833 1854 oportet
849 1826 896 1844 me
912 1826 988 1845 euan
1243 1819 1356 1852 oportet
1372 1823 1417 1843 me
1433 1815 1629 1852 euangelizare
1647 1824 1767 1852 regnum
1784 1816 1829 1844 dei

601 1866 724 1903 gelizare
743 1875 864 1903 regnum
882 1866 912 1894 di
1202 1865 1270 1902 quia
1286 1865 1351 1892 ideo
1368 1864 1472 1891 missus
1489 1873 1553 1892 sum

521 1916 587 1953 qui-a
603 1916 668 1944 ideo
685 1916 788 1943 missus
804 1924 868 1943 sum
1172 1915 1192 1929 ⁴⁴
1204 1920 1232 1942 et
1247 1920 1306 1942 erat
1322 1913 1492 1950 praedicans
1507 1914 1535 1941 in
1555 1915 1712 1951 synagogis
1728 1914 1799 1951 gali-

521 1971 548 1993 et
569 1972 627 1993 erat
647 1965 817 2002 praedicans
833 1965 862 1992 in
882 1973 953 2001 syna
1243 1963 1330 1991 laeae.

426 2020 483 2048 XV
603 2015 687 2051 gogis
704 2014 841 2051 galilaeae

384 2060 513 2089 Lxxvnu
523 2064 644 2092 Factum
661 2070 703 2091 est
719 2068 816 2091 autem
832 2072 899 2091 cum
1162 2062 1196 2091 V,
1210 2062 1218 2077 ¹
1230 2061 1268 2086 (Ἠ
1280 2061 1307 2085 ¹⁰)
1323 2062 1442 2090 Factum
1459 2068 1499 2090 est
1517 2067 1612 2090 autern
1629 2071 1697 2090 cum
1713 2063 1816 2091 turbae

444 2112 460 2130 x
562 2114 662 2141 turbae
679 2114 824 2140 inruerent
840 2113 868 2139 in
885 2121 951 2140 eum
1243 2112 1389 2139 inruerent
1405 2112 1434 2139 in
1451 2120 1517 2139 eum

563 2169 593 2190 ut
609 2162 739 2190 audirent
755 2162 876 2189 uerbum
893 2162 921 2189 di
1243 2167 1273 2188 ut
1289 2161 1419 2189 audirent
1435 2161 1555 2188 uerbum
1572 2161 1617 2189 dei

521 2218 548 2241 et
561 2213 621 2250 ipse
634 2213 726 2240 stabat
742 2220 824 2240 secus
840 2217 947 2248 stagnu
959 2227 984 2238 .—
1203 2217 1229 2238 et
1245 2211 1306 2247 ipse
1323 2211 1415 2238 stabat
1431 2219 1514 2238 secus
1530 2215 1665 2247 stagnum
1681 2219 1773 2247 gene-

563 2260 733 2298 genesareth
1246 2259 1340 2288 sareth

430 2374 530 2405 Porro
555 2374 737 2405 notandum
762 2379 812 2405 est
835 2374 1012 2414 spatiolum
1038 2375 1070 2405 in
1095 2375 1207 2405 codice
1225 2373 1397 2405 Amiatino
1420 2373 1598 2414 aliquando
1622 2373 1706 2404 inter
1725 2374 1889 2405 uocabula

386 2426 557 2467 interponI,
574 2427 662 2466 quod
683 2437 741 2456 nos
758 2436 891 2466 quoque
908 2427 1079 2467 posuimus
1096 2427 1198 2458 sicubi
1216 2427 1392 2457 commode
1410 2426 1477 2456 fieri
1494 2431 1616 2466 posset,
1633 2436 1657 2456 e.
1671 2436 1701 2466 g.
1722 2426 1793 2456 Ioh.
1808 2426 1824 2456 i.
1839 2425 1891 2467 38,

386 2488 440 2508 vn.
459 2486 487 2516 7.

431 2529 507 2569 Qua
531 2536 639 2561 aetate
662 2530 742 2560 haec
764 2531 845 2560 ratio
864 2531 1029 2561 scribendi
1055 2531 1097 2561 ad
1122 2530 1223 2560 libros
1248 2530 1336 2560 Noui
1361 2529 1566 2560 Testamenti
1587 2529 1735 2559 adhibita
1759 2530 1811 2565 sit,
1829 2529 1887 2559 uix

387 2592 446 2622 pro
464 2588 552 2613 certo
569 2583 668 2613 statui
686 2588 804 2622 potest.
853 2582 1082 2622 Hieronymus
1104 2583 1191 2612 enim
1216 2587 1345 2612 tantum
1364 2583 1395 2611 in
1413 2582 1668 2621 praefationibus
1693 2581 1725 2611 in
1748 2581 1887 2611 transla-

387 2634 510 2664 tionem
528 2634 761 2674 prophetarum
788 2634 908 2665 Esaiae
930 2639 962 2665 et
988 2634 1172 2665 Ezechielis
1193 2635 1234 2665 de
1254 2633 1303 2664 his
1321 2633 1415 2664 rebus
1433 2633 1584 2673 loquitur.
1635 2633 1671 2663 In
1688 2633 1888 2674 praefatione
