2209 3147
449 270 490 308 84
751 270 1073 300 EUANGELIUM
1103 270 1365 300 SECUNDUM
1391 270 1457 299 MA
1468 271 1672 299 TTHECJ'M.
1745 267 1960 312 [X1.25—XI1.5.

449 365 584 396 domine
601 364 680 396 caeli
698 371 730 396 et
750 370 855 396 terrae
1211 365 1290 395 XII.
1305 364 1397 388 ⁴¹¹4·²)
1432 365 1469 395 In
1502 365 1558 395 illo
1591 370 1741 406 tempore
1765 365 1845 396 abiit
1875 365 1961 395 iesus

449 417 526 457 quia
541 418 742 448 abscondisti
768 418 848 448 haec
865 429 884 448 a
905 418 1108 458 sapientibus
1125 422 1157 448 et
1296 418 1436 448 sabbato
1455 428 1512 457 per
1528 422 1599 448 sata

493 469 710 509 prudentibus
1252 469 1402 509 discipuli
1420 474 1531 500 autern
1555 469 1624 499 eius
1640 470 1818 500 esurientes
1841 479 1959 509 coepe-

449 525 482 552 et
499 520 648 551 reuelasti
666 531 705 551 ea
721 521 865 561 paruulis
1296 527 1370 552 runt
1416 522 1537 552 uellere
1584 521 1691 561 spicas
1741 526 1774 552 et
1821 521 1959 551 mandu-

413 574 439 593 20
451 573 496 603 ita
523 578 617 612 pater
643 573 800 612 quoniam
832 573 878 604 sic
910 573 970 603 fuit
1001 572 1157 613 placitum
1296 583 1368 604 care

492 629 568 655 ante
584 630 626 654 te.
1231 620 1242 638 ²
1253 625 1414 666 pharisaei
1431 630 1542 656 autern
1561 626 1712 656 uidentes
1729 625 1882 655 dixerunt
1901 624 1929 654 ei

413 676 438 695 2⁷
451 675 512 699 (111·
527 676 547 698 ³)
566 675 688 706 Omnia
705 675 785 706 mihi
803 676 924 707 tradita
940 681 1015 707 sunt
1031 687 1049 707 a
1067 681 1159 716 patre
1253 688 1328 708 ecce
1345 678 1494 717 discipuli
1505 677 1553 708 tui
1570 677 1692 708 faciunt
1703 677 1792 716 quod
1809 686 1873 706 non
1887 675 1960 706 licet

494 738 579 759 meo.
1297 730 1343 759 eis
1360 730 1464 760 facere
1480 729 1626 760 sabbatis

452 779 512 802 (112·
525 780 545 803 ³)
564 780 609 810 Et
625 790 724 810 nemo
741 780 834 810 nouit
852 780 954 811 filium
973 781 1032 811 nisi
1051 785 1145 821 pater
1232 780 1288 811 ³at
1305 781 1359 811 ille
1378 782 1464 811 dixit
1481 782 1527 811 eis

451 843 557 872 neque
574 836 702 873 patrem
719 832 791 872 quis
808 833 899 863 nouit
917 833 977 863 nisi
995 832 1080 863 filius
1255 843 1320 863 non
1338 833 1462 873 legistis
1478 833 1557 873 quid
1575 832 1686 863 fecerit
1704 832 1803 862 dauid
1828 832 1961 871 quando

452 889 485 915 et
502 884 552 915 cui
570 883 711 915 uoluerit
728 883 813 914 filius
830 884 984 915 reuelare.
1299 885 1408 915 esuriit
1426 889 1457 915 et
1474 885 1529 924 qui
1546 895 1620 915 cum
1638 895 1677 914 eo
1694 889 1785 914 erant
1799 886 1811 913 ?

414 935 513 957 23(113·
525 935 559 959 1⁰)
586 936 709 967 Uenite
725 936 766 966 ad
786 947 838 967 me
858 947 974 968 ornnes
993 937 1048 977 qui
1069 937 1159 968 labo·
1231 931 1424 977 ⁴quorn0d0
1456 937 1591 967 intrauit
1619 937 1650 966 in
1684 937 1820 966 domurn
1850 936 1901 966 dei
1930 941 1963 966 et

495 988 574 1019 ratis
590 993 623 1018 et
640 988 765 1019 onerati
782 988 860 1020 estis
1299 999 1400 1029 panes
1417 989 1649 1029 propositionis
1665 988 1809 1019 comedit

452 1046 484 1071 et
501 1051 563 1081 ego
577 1039 718 1070 reficiam
735 1051 794 1070 uos
1254 1052 1337 1082 quos
1355 1052 1419 1072 non
1437 1041 1557 1072 licebat
1573 1041 1601 1072 ei
1619 1041 1714 1071 edere

410 1089 440 1109 ²⁹
453 1092 558 1123 tollite
576 1092 687 1132 iugum
706 1102 815 1122 meum
833 1102 930 1132 super
946 1104 1005 1123 uos
1255 1104 1362 1133 neque
1378 1093 1426 1123 his
1443 1093 1498 1132 qui
1515 1103 1589 1123 curn
1606 1103 1645 1123 eo
1662 1098 1756 1123 erant

452 1150 484 1175 et
515 1144 629 1175 discite
660 1155 680 1174 a
711 1154 764 1174 me
796 1144 872 1184 quia
904 1145 993 1175 mitis
1024 1155 1097 1175 sum
1129 1150 1160 1175 et
1256 1146 1317 1175 nisi
1334 1144 1412 1175 solis
1429 1145 1678 1176 sacerdotibus?

495 1196 628 1227 humilis
644 1196 742 1226 corde
1234 1194 1316 1221 ⁵<¹¹⁵·
1330 1196 1366 1218 ¹0)
1384 1197 1456 1227 Aut
1474 1207 1539 1227 non
1559 1196 1684 1236 legistis
1702 1195 1733 1226 in
1748 1195 1820 1235 lege

453 1253 485 1279 et
503 1248 675 1278 inuenietis
691 1248 836 1288 requiem
854 1247 1027 1278 animabus
1044 1248 1160 1279 uestris
1255 1249 1332 1289 quia
1366 1249 1513 1279 sabbatis
1545 1249 1730 1279 sacerdotes
1768 1248 1800 1278 in
1835 1247 1961 1288 templo

414 1297 564 1340 ³⁰iugum
588 1299 675 1330 enim
698 1309 807 1330 meum
826 1310 928 1330 suaue
949 1305 998 1331 est
1022 1305 1055 1331 et
1078 1311 1159 1332 onus
1297 1301 1472 1332 sabbatum
1505 1300 1628 1332 uiolant
1659 1306 1691 1331 et
1723 1300 1790 1330 sine
1829 1300 1962 1330 crimine

453 1362 561 1382 meum
580 1351 652 1382 leue
670 1356 727 1382 est.
1147 1382 1149 1384 ,
1299 1355 1399 1383 sunt?

453 1464 481 1487 et
496 1465 595 1486 terrae.
625 1459 674 1496 qui
690 1458 866 1486 abscondisti
889 1458 961 1487 haec
985 1468 1001 1487 a
1022 1460 1201 1496 sapientibus
1216 1465 1243 1488 et
1259 1459 1456 1497 prudentibus.
1487 1464 1514 1486 et
1530 1458 1662 1487 reuelasti
1678 1468 1712 1487 ea
1728 1458 1861 1495 paruulis.
1891 1456 1911 1472 ²⁰
1922 1458 1960 1486 ita

453 1510 534 1543 pater
549 1506 687 1542 quoniam
712 1506 751 1533 sic
772 1505 946 1542 complacuit
962 1506 991 1534 in
1007 1513 1166 1544 conspectu
1187 1512 1245 1535 tuo.
1274 1506 1296 1522 ²⁷
1308 1507 1407 1534 omnia
1422 1506 1491 1533 mihi
1507 1506 1609 1533 tradita
1625 1511 1689 1534 sunt
1705 1515 1721 1533 a
1737 1510 1814 1542 patre
1830 1514 1904 1533 meo.
1933 1511 1961 1532 et

454 1561 542 1580 nemo
565 1553 646 1580 nouit
670 1552 766 1580 filium.
797 1553 850 1579 nisi
872 1558 960 1589 pater.
985 1562 1079 1590 neque
1100 1559 1211 1591 patrem
1234 1554 1298 1591 quis
1320 1554 1409 1581 nouit.
1440 1553 1493 1580 nisi
1517 1553 1597 1580 filius.
1625 1558 1653 1581 et
1675 1553 1721 1581 cui
1745 1552 1866 1580 uoluerit
1888 1552 1962 1580 filius

454 1599 589 1627 reuelare.
611 1598 633 1613 ²³
642 1599 738 1627 uenite
753 1598 790 1626 ad
806 1608 852 1626 me
869 1608 972 1627 ornnes
987 1600 1036 1637 qui
1052 1600 1186 1628 laboratis
1202 1606 1229 1629 et
1245 1601 1355 1628 onerati
1372 1600 1447 1628 estis.
1470 1605 1497 1627 et
1513 1609 1569 1637 ego
1584 1609 1637 1628 uos
1652 1600 1831 1637 requiescere
1848 1599 1959 1627 faciam.

454 1645 574 1673 2⁹tollite
598 1646 697 1683 iugum
725 1654 823 1673 meum
848 1655 934 1683 super
956 1655 1018 1675 uos.
1048 1652 1074 1675 et
1099 1647 1197 1675 discite
1222 1657 1238 1675 a
1264 1657 1311 1675 nie
1337 1647 1405 1683 quia
1427 1647 1502 1674 mitis
1524 1656 1597 1675 sum,
1626 1651 1654 1674 et
1677 1646 1790 1674 humilis
1809 1646 1904 1674 corde.
1934 1651 1962 1674 et

456 1693 607 1720 inuenietis
624 1693 750 1730 requiem
767 1693 918 1720 animabus
934 1694 1043 1722 uestris.
1072 1693 1093 1709 ⁸⁰
1104 1694 1203 1731 iugum
1219 1694 1297 1722 enirn
1313 1703 1409 1721 meum
1425 1702 1513 1721 suane
1530 1699 1573 1721 est
1588 1699 1615 1721 et
1630 1703 1704 1722 onus
1719 1702 1816 1721 meum
1832 1693 1895 1721 leue
1910 1697 1960 1721 est.

456 1739 524 1767 XII.
545 1737 601 1767 ¹In
627 1739 675 1767 illo
698 1744 827 1776 tempore
854 1739 922 1768 abiit
945 1740 1020 1768 iesus
1044 1741 1171 1769 sabbatis
1197 1750 1246 1778 per
1270 1746 1391 1776 segetes.
1434 1740 1565 1777 discipuli
1589 1745 1685 1768 autem
1712 1740 1773 1768 eius
1796 1740 1961 1768 esurientes.

457 1792 613 1824 coeperunt
631 1786 734 1814 uellere
755 1786 849 1823 spicas
869 1792 897 1814 et
913 1787 1096 1816 manducare.
1134 1787 1293 1825 ²pharisaei
1314 1792 1409 1815 autem
1426 1788 1557 1815 uidentes
1573 1788 1705 1815 dixerunt
1721 1788 1754 1814 ei.
1792 1796 1860 1815 ecce
1876 1787 1961 1815 disci-

456 1834 514 1871 puli
536 1834 577 1861 tui
598 1833 707 1861 faciunt
729 1833 808 1870 quod
831 1843 891 1862 non
913 1834 977 1862 licet
999 1834 1091 1863 facere
1113 1835 1141 1862 in
1164 1835 1292 1863 sabbato.
1322 1835 1377 1862 3ad
1397 1834 1442 1863 ille
1462 1834 1532 1862 dixit
1552 1835 1592 1863 eis
1610 1843 1670 1862 non
1687 1834 1795 1871 legistis
1813 1834 1882 1871 quid
1897 1834 1962 1862 fecit

457 1880 544 1909 dauid
565 1881 684 1917 quando
699 1881 797 1908 esuriit
812 1881 873 1918 ipse
892 1886 918 1909 et
940 1882 989 1918 qui
1009 1891 1076 1909 cum
1098 1891 1132 1910 eo
1148 1887 1237 1910 erant.
1269 1882 1279 1897 ⁴
1292 1882 1441 1919 quomodo
1456 1882 1572 1909 intrabit
1588 1882 1616 1909 in
1632 1881 1751 1910 domum
1767 1881 1812 1909 dei
1829 1886 1856 1909 et
1872 1891 1961 1918 panes

457 1928 660 1965 propositionis
676 1927 870 1956 manducauit.
900 1937 973 1965 quos
988 1938 1048 1957 non
1068 1929 1171 1957 licebat
1187 1929 1211 1957 ei
1228 1929 1410 1957 manducare.
1437 1938 1530 1966 neque
1546 1929 1589 1956 his
1604 1929 1652 1966 qui
1668 1938 1733 1957 cum
1748 1928 1796 1956 illo
1810 1934 1891 1956 erant
1908 1929 1962 1956 nisi

457 1975 525 2002 solis
541 1974 745 2003 sacerdotibus.
772 1974 839 2002 ⁵aut
864 1984 925 2003 non
954 1975 1062 2012 legistis
1087 1976 1116 2003 in
1135 1975 1197 2013 lege
1220 1976 1286 2012 quia
1310 1975 1436 2003 sabbatis
1456 1975 1620 2004 sacerdotes
1640 1976 1668 2003 in
1685 1975 1793 2012 templo
1809 1976 1961 2003 sabbatum

458 2082 522 2104 WX.
557 2089 602 2104 om.
616 2084 696 2109 pater
708 2082 740 2105 D.
776 2081 823 2105 celi
839 2086 863 2105 et
879 2086 941 2105 terre
954 2082 993 2105 W.
1028 2083 1070 2114 qui
1085 2083 1157 2106 DET
1298 2090 1317 2106 2.
1338 2082 1444 2113 pharisei
1479 2083 1564 2110 CLW,
1599 2082 1717 2114 pharissei
1749 2083 1780 2110 D,
1817 2082 1898 2105 farisei
1930 2083 1960 2106 R.

458 2120 526 2143 wz*
542 2120 593 2145 ised
610 2122 677 2148 quia
695 2120 744 2151 ΖΞ).
779 2121 945 2144 habscondisti
965 2121 994 2144 C.
1029 2130 1075 2145 om.
1094 2130 1110 2145 a
1126 2122 1157 2145 T.
1262 2123 1392 2145 uidentes
1412 2128 1428 2144 ψ
1448 2121 1505 2145 illos
1529 2122 1601 2152 DLQ
1624 2129 1678 2144 cum
1700 2129 1715 2144 α
1727 2121 1796 2152 lvcffi
1805 2129 1831 2152 gl
1845 2121 1869 2145 h.
1905 2122 1962 2145 Post

457 2167 503 2182 om.
528 2162 555 2182 et
579 2163 635 2190 post
663 2161 839 2187 sapientibus
864 2160 901 2182 R*
925 2160 963 2191 (4-
979 2161 1008 2183 in
1033 2168 1079 2191 mg.
1105 2160 1157 2190 R1).

459 2198 567 2229 paruolis
580 2198 609 2221 T.

493 2237 530 2260 26.
549 2239 696 2265 quoniam:
715 2238 772 2268 quia
784 2238 860 2268 EQR.
897 2238 969 2261 hante
980 2238 999 2261 C
1011 2247 1015 2265 ;
1032 2246 1114 2262 coram
1125 2239 1156 2262 D.

495 2280 531 2306 27.
549 2276 625 2299 michi
638 2276 667 2299 T.
702 2280 746 2300 et:
766 2280 775 2299 t
789 2277 860 2307 lapsu
873 2276 903 2300 V.
939 2277 997 2300 nissi
1012 2278 1043 2300 D.
1079 2279 1157 2305 quis:

459 2315 587 2346 quisquam
612 2315 691 2345 DLQ.
725 2315 771 2339 nisi
792 2315 870 2339 filium
892 2315 931 2339 D*
950 2316 993 2339 sed
1010 2324 1072 2340 corr.
1108 2317 1157 2340 nol.

461 2353 525 2377 filius
538 2354 602 2377 filius
615 2355 636 2377 E
647 2355 689 2377 sed
698 2358 750 2385 exp.
760 2359 802 2385 pr.

496 2393 531 2416 28.
551 2393 776 2422 honeratiCEH'O,
787 2393 901 2416 honorati
911 2393 1014 2424 DLQR.
1044 2394 1158 2418 refficiam

462 2431 515 2454 DE.

496 2476 533 2498 30.
551 2477 641 2494 suanae
664 2471 692 2494 E.
728 2470 807 2494 honus
833 2471 1015 2494 CD2P⁷110LRT.
1049 2475 1091 2495 est
1117 2480 1158 2495 scs.

461 2517 506 2532 om.
520 2509 688 2533 CDJLRfsml
694 2516 711 2533 «ι-
724 2518 742 2533 -;
753 2510 781 2533 iaz
795 2510 912 2540 mg.)TW
923 2518 960 2541 vg.
975 2519 1030 2533 cum
1036 2511 1076 2541 ff.

495 2547 554 2570 ΧΠ,
574 2554 592 2570 1.
611 2548 662 2571 abit
681 2548 711 2578 Q.
747 2548 828 2572 ihesus
846 2549 919 2579 plene
936 2549 956 2572 C
976 2549 1032 2572 uide
1050 2550 1085 2572 ad
1103 2549 1118 2572 i.
1139 2556 1158 2572 1.

465 2589 546 2616 >per
576 2590 628 2610 sata
657 2587 760 2610 sabbato
789 2587 833 2610 LR
862 2596 899 2618 vg,
926 2587 986 2619 (9-Ξῆ
1017 2588 1159 2617 sabbatho).

463 2627 573 2648 autem:
603 2625 667 2648 enim
692 2626 720 2649 E.
754 2625 904 2650 hesurientes
933 2627 985 2655 CE,
1014 2627 1159 2651 essurientes

464 2663 541 2686 DLR.
578 2668 708 2695 caeperunt
721 2665 748 2693 L,
761 2669 876 2696 ceperunt
889 2665 920 2687 W
931 2674 935 2688 :
954 2673 1000 2688 om.
1015 2666 1047 2689 D.

1262 2162 1397 2184 dixerunt
1409 2168 1454 2183 om.
1463 2162 1489 2184 ei
1503 2161 1529 2183 B.
1565 2161 1653 2184 fatiunt
1664 2161 1703 2183 W.
1742 2164 1768 2186 >
1778 2161 1886 2184 sabbatis
1895 2161 1961 2191 quod

1262 2207 1311 2222 non
1333 2199 1390 2222 licet
1409 2199 1444 2222 eis
1464 2199 1541 2223 facere
1560 2199 1590 2222 R.
1625 2201 1692 2223 lieet
1709 2201 1749 2222 eis
1767 2208 1848 2223 omncs
1866 2200 1961 2226 (contra

1259 2246 1376 2269 graecum
1390 2237 1494 2267 k'feortvl
1508 2247 1563 2261 rum
1577 2239 1589 2261 b
1602 2246 1612 2261 c
1621 2247 1647 2269 gl
1661 2239 1675 2261 lz
1690 2239 1764 2262 laur.
1774 2239 1823 2269 §²2:3⁷-
1838 2247 1842 2262 :
1862 2246 1906 2262 om.
1921 2241 1961 2262 eis

1262 2277 1310 2300 cod.
1328 2277 1406 2307 caras.
1424 2277 1459 2306 Εἴ,
1478 2277 1555 2300 Tisslr.
1574 2286 1629 2300 [um
1640 2277 1712 2308 sdq
1725 2284 1751 2307 ta
1763 2277 1838 2307 tlcfj;
1856 2285 1901 2301 om.
1920 2280 1960 2301 eis

1262 2317 1354 2339 facere
1377 2318 1500 2340 sabbatis
1517 2316 1552 2348 ffi
1578 2316 1655 2347 tquod
1679 2324 1727 2339 non
1749 2316 1806 2340 licet
1827 2316 1905 2340 facere
1925 2317 1960 2345 k).

1263 2356 1379 2378 facere÷
1389 2355 1412 2377 in
1426 2355 1456 2378 T.
1492 2355 1619 2379 sabbathis
1632 2355 1691 2386 5332}

1297 2400 1318 2422 3.
1338 2394 1380 2417 ille
1410 2398 1491 2418 autern
1520 2394 1582 2417 dixit
1612 2395 1641 2418 R.
1682 2396 1791 2422 legistis
1812 2401 1828 2418 ψ
1848 2395 1905 2425 quia
1933 2395 1959 2417 E.

1264 2432 1364 2456 hesuriit
1378 2433 1406 2461 C,
1420 2433 1515 2456 essuriit
1529 2434 1561 2461 D,
1574 2434 1647 2457 esurit
1662 2433 1714 2456 LR.
1750 2437 1835 2456 eorant
1849 2434 1884 2456 M.

1296 2479 1319 2502 4.
1339 2479 1448 2502 proposs.
1464 2472 1519 2498 DR,
1533 2480 1655 2503 praeposs.
1667 2473 1722 2500 ZPL,
1737 2472 1917 2504 propositiones
1930 2473 1960 2496 X.

1264 2511 1370 2533 cffimedit
1396 2511 1444 2538 W;
1470 2511 1629 2534 manducauit
1653 2511 1680 2534 E.
1722 2519 1808 2538 quos:
1838 2511 1904 2541 quod
1928 2511 1960 2533 Z*

1266 2552 1337 2577 (sorr.
1358 2549 1396 2575 ΖΞ)
1415 2558 1430 2572 α
1443 2550 1456 2572 Ι)
1467 2550 1509 2572 dh
1526 2558 1583 2574 aur.
1619 2550 1705 2573 hedere
1723 2550 1760 2578 C;
1785 2549 1911 2573 comedere
1930 2550 1959 2573 R.

1264 2588 1310 2611 hiis
1324 2589 1386 2612 EW.
1423 2589 1469 2612 soli
1483 2589 1510 2612 E.

1298 2634 1319 2657 5.
1339 2635 1396 2651 non
1408 2631 1461 2658 sup.
1474 2628 1520 2651 lin.
1533 2628 1562 2651 O.
1598 2627 1679 2658 legitis
1687 2627 1723 2650 T*
1736 2627 1787 2651 [sed
1796 2630 1867 2651 corrsti
1878 2635 1883 2655 3
1900 2627 1961 2657 legis

1265 2666 1294 2689 C.
1329 2667 1353 2689 in
1366 2667 1421 2697 lege
1433 2667 1463 2690 Θ.
1498 2668 1580 2694 quia:
1599 2668 1640 2697 qui
1653 2666 1685 2690 Z*
1700 2666 1752 2697 (scd
1766 2668 1848 2696 somn).
1886 2670 1912 2693 >
1923 2674 1960 2689 sa-
