2258 3157
377 300 488 331 DH‘GQ.

180 487 264 515 VIII.
277 486 322 514 De
333 485 510 514 beatitudine
523 489 549 513 et
560 484 683 513 Caetera

221 533 358 561 mandata
368 533 405 561 ad
418 531 573 569 discipulos
588 531 682 568 loqui-

222 586 274 609 tur.

181 813 280 842 VIIII.
304 812 374 841 Non
385 813 453 841 ueni
463 812 575 841 soluere
587 811 682 849 legem

222 860 262 889 nl.

183 1142 220 1170 X.
242 1141 313 1169 Non
327 1140 531 1169 mechandum.

184 1612 236 1640 XI.
258 1611 304 1639 De
320 1610 472 1639 dilectione
488 1609 685 1638 Inimicorum.

185 1798 252 1827 XII.
275 1798 321 1826 De
349 1797 545 1834 aelimoysinis
577 1797 686 1824 nesciat

225 1846 339 1874 sinistra
353 1845 423 1882 quid
437 1844 523 1873 faciat
538 1844 664 1872 dextera.

184 2127 267 2157 XIII.
290 2125 334 2155 IN
350 2125 461 2154 ieiuniis
481 2134 541 2154 non
564 2125 685 2153 contris-

225 2174 347 2203 tandum
368 2178 396 2200 et
418 2173 447 2200 in
470 2171 601 2200 oratione
625 2180 687 2199 non

225 2222 348 2250 multum
376 2219 558 2256 loquendum
586 2223 614 2246 et
650 2218 685 2246 de

225 2273 356 2297 tessauro
370 2266 401 2294 in
415 2265 504 2294 caelo.

217 2404 290 2428 VIII.
309 2404 463 2430 discipulos
472 2408 489 2426 ÷
498 2409 555 2425 suos
567 2401 627 2430 ffQ.

216 2443 303 2467 VIIII.
322 2450 371 2466 non
379 2441 445 2465 uenit
452 2440 490 2464 ins
498 2440 583 2469 JPGQ.
604 2439 685 2470 legem

184 2477 227 2500 sed
239 2475 365 2506 adinplere
378 2475 433 2504 GQ.
711 2483 713 2499 t

216 2509 276 2532 XII.
285 2510 401 2531 sinistra
409 2514 426 2531 ÷
436 2510 478 2529 tua
486 2505 518 2530 G.
537 2507 653 2528 dextera
661 2511 678 2529 ÷

184 2545 225 2565 tua
238 2542 269 2565 G.
711 2554 712 2565 1

217 2574 291 2597 XIII.
315 2574 366 2598 ÷in
389 2576 446 2596 ante
467 2571 578 2595 oratione
598 2570 684 2599 R'GQ.

184 2610 208 2630 et
226 2607 256 2630 de
275 2610 331 2630 tess.
349 2606 375 2629 in
392 2605 461 2629 caelo
479 2605 513 2628 ad
534 2606 584 2634 cap.
605 2603 684 2626 XIIII
711 2615 712 2618 =

179 2641 287 2671 ponunt.
709 2639 712 2657 ι’

711 214 971 245 SECUNDUM
991 214 1056 242 MA
1067 213 1271 243 TTHEUM.

911 300 928 323 J
944 299 1057 330 (breues).

737 485 787 513 VI.
810 485 869 513 Ubi
885 485 970 514 docet
986 485 1067 513 Iesus
1080 485 1237 522 discipulos

777 542 846 561 suos
866 533 902 561 de
925 532 1106 560 Beatitudine
1127 537 1155 560 et
1170 532 1238 560 dicit

776 579 839 608 Uos
851 579 918 607 estis
933 579 981 607 lux
997 579 1106 607 mundi.

737 814 804 842 VII.
814 813 872 841 Ubi
886 814 955 842 dicit
967 814 1037 842 Non
1048 814 1115 841 ueni
1127 813 1238 842 soluere

777 861 872 898 legem
897 866 925 889 et
950 862 985 889 de
1011 860 1159 889 iracundia
1181 860 1236 887 fra-

778 914 854 936 trum
869 914 896 936 et
911 908 947 936 de
962 907 1204 936 reconciliatione.

737 1143 820 1171 VIII.
853 1142 912 1170 Ubi
941 1141 977 1169 de
1007 1141 1186 1169 moecatione
1212 1146 1240 1169 et

777 1190 864 1218 oculo
874 1188 1003 1217 eruendo
1012 1194 1039 1216 et
1046 1188 1240 1216 manudextra

778 1242 805 1265 et
844 1246 934 1265 uxore
971 1245 1031 1263 non
1068 1235 1239 1263 dimittenda

779 1290 806 1312 et
822 1284 944 1312 omnino
960 1291 1020 1310 non
1036 1282 1136 1310 iurare.

741 1610 840 1642 VIIII.
862 1610 907 1638 De
919 1609 1042 1637 inimicis
1052 1608 1203 1645 diligendis
1213 1613 1240 1636 et

780 1657 955 1686 eleemosina
991 1661 1019 1685 et
1050 1656 1179 1684 oratione
1210 1656 1240 1683 in

781 1704 952 1733 abscondito
983 1708 1011 1732 et
1039 1703 1076 1731 de
1108 1703 1239 1731 oratione

781 1752 944 1780 Dominica.

740 2126 775 2155 X.
798 2127 843 2155 De
863 2127 970 2155 ieiunio
990 2131 1017 2154 et
1036 2125 1192 2153 thensauro
1210 2125 1239 2152 in

780 2175 861 2203 caelo
883 2179 911 2202 et
933 2173 968 2201 de
991 2172 1076 2201 oculo
1096 2172 1175 2210 quod
1197 2171 1238 2199 lu-

780 2231 866 2250 cerna
880 2220 1010 2258 corporis
1025 2219 1067 2247 sit.

1753 220 1788 241 21

1522 296 1555 320 K.

1292 342 1359 371 VII.
1381 342 1425 371 De
1440 342 1635 380 predicatione
1648 341 1697 369 ihu
1708 346 1736 370 et
1748 342 1792 369 in-

1332 391 1481 418 firmorum
1496 389 1643 418 sanitates.

1291 490 1373 518 VIII.
1397 490 1441 518 De
1456 489 1633 518 beatitudine
1654 493 1682 516 et
1698 493 1793 517 cetera

1332 537 1479 566 mandata.

1290 818 1389 845 VIIII.
1412 817 1501 852 Quod
1524 826 1585 845 non
1609 816 1722 845 uenerit
1744 816 1788 844 ihs

1332 864 1444 893 soluere
1469 865 1566 901 legem
1591 863 1642 892 sed
1668 863 1789 900 implere

1332 916 1360 939 et
1371 920 1477 939 munus
1489 910 1712 947 relinquendum
1723 914 1790 937 ante

1332 958 1420 986 altare
1445 962 1473 986 et
1498 957 1577 985 fratri
1602 956 1793 985 reconcilian-

1333 1006 1411 1033 dum.

1293 1146 1329 1173 X.
1352 1145 1423 1173 Non
1456 1145 1671 1173 moechandum
1705 1149 1733 1171 et
1771 1143 1794 1171 si

1333 1191 1491 1232 oculusruel
1503 1201 1608 1220 manus
1618 1190 1794 1220 scandalizat

1332 1244 1360 1267 et
1375 1248 1497 1267 uxorem
1512 1248 1573 1267 non
1594 1238 1677 1266 liceat
1692 1237 1797 1265 dimitti

1334 1286 1388 1314 nisi
1403 1286 1442 1314 ob
1458 1285 1686 1314 fornicationem.

1295 1614 1346 1641 XI.
1370 1613 1414 1640 De
1422 1610 1797 1640 dilectioneminimicorum

1334 1665 1363 1688 et
1378 1659 1522 1688 orandum
1537 1667 1591 1695 pro
1607 1658 1656 1685 eis.

1293 1800 1360 1828 XII.
1383 1799 1428 1827 De
1465 1798 1652 1827 helemosinis
1686 1797 1797 1825 nesciat

1334 1847 1448 1875 sinistra
1474 1851 1501 1874 et
1524 1846 1554 1873 in
1580 1845 1711 1873 oratione
1736 1853 1797 1872 nou

1334 1894 1456 1921 multum
1472 1892 1660 1930 loquendum.

1295 2120 1377 2149 XIII.
1400 2119 1435 2148 In
1455 2119 1566 2148 ieiuniis
1588 2128 1649 2147 non
1671 2117 1798 2146 contris-

1334 2167 1455 2195 tandum
1485 2171 1513 2194 et
1541 2166 1577 2194 de
1605 2166 1741 2193 thesauro
1766 2165 1796 2192 in

1334 2214 1414 2243 caelo
1436 2219 1464 2241 et
1486 2213 1565 2250 quod
1588 2213 1706 2241 lucerna
1729 2220 1795 2240 cor-

1334 2262 1412 2299 poris
1427 2261 1461 2289 sit
1476 2260 1587 2288 oculus.
