2258 3157
436 281 478 312 30
919 271 1147 301 CAPITULA
1176 272 1231 301 IN
1252 273 1576 302 EUANGELIUM

685 359 792 383 AUVY.

437 405 485 433 LI.
509 404 647 442 Quinque
663 405 789 442 panibus
805 408 833 432 et
849 404 963 432 duobus
983 405 1041 442 pis-

476 453 558 481 cibus
574 453 703 490 quinque
726 452 856 480 uirorum
871 452 950 479 milia
965 456 1041 480 satu-

476 505 585 528 rantur.

434 546 500 575 LII.
522 546 684 574 Ambulans
712 555 799 582 supra
822 555 902 573 mare
927 550 1040 582 petrum

476 598 656 630 mergentem
685 593 769 627 leuat,
795 598 823 620 et
845 593 874 620 in
896 602 1040 629 gennesar

475 641 556 669 multi
572 641 701 668 fimbriae
717 645 796 668 tactu
812 640 967 668 saluantur.

433 870 514 899 LIII.
537 870 751 906 Quaerentibus
767 869 802 898 de
817 878 879 897 non
899 869 966 897 lotis
981 869 1036 897 dis-

474 918 637 955 cipulorum
658 917 792 946 manibus
808 926 843 945 ea
858 917 925 945 dicit
941 916 1035 944 homi-

474 975 542 994 nem
558 974 633 1003 quae
649 965 684 993 de
700 964 788 993 corde
812 967 920 992 exeunt
942 964 1035 1001 inqui-

473 1022 552 1041 nare.

434 1170 531 1199 LIIII.
554 1170 710 1199 Cananeae
734 1169 822 1197 filiam
845 1177 862 1196 a
877 1167 1034 1196 daemonio

473 1218 590 1246 laudata
604 1217 704 1245 matris
720 1216 775 1244 fide
794 1216 913 1244 curauit.

432 1455 494 1484 LV.
518 1454 618 1483 Multis
639 1454 668 1481 in
691 1453 758 1481 loco
777 1452 891 1480 deserto
915 1449 1030 1484 sanatis,

472 1509 607 1540 quattuor
634 1502 762 1529 uirorum
798 1499 885 1527 millia
920 1502 1031 1535 septem

472 1556 539 1578 sunt
553 1549 676 1587 panibus
692 1547 818 1576 saturati.

431 1600 510 1628 LVI.
533 1599 608 1627 Item
629 1598 794 1636 petentibus
810 1595 870 1624 dari
892 1594 928 1623 de
951 1593 1031 1622 caelo

471 1648 589 1684 signum
618 1646 702 1674 ionae
734 1644 830 1682 potius
859 1642 920 1670 dari
949 1651 1030 1679 prae-

471 1695 551 1722 dixit.

430 1742 524 1770 LVII.
547 1740 693 1769 Fermenti
719 1738 838 1767 nomine
867 1735 1031 1765 cauendum

471 1789 611 1826 praecipit
626 1797 642 1815 a
658 1787 789 1815 doctrina
804 1785 1031 1822 pharisaeorum.

429 1836 541 1864 LVIII.
564 1833 758 1871 Interroganti
788 1832 907 1861 domino
944 1839 1031 1868 quem

469 1893 537 1912 eum
561 1883 688 1911 dicerent
711 1880 844 1909 homines
868 1888 930 1906 esse
960 1887 1031 1906 con-

469 1931 554 1960 fessio
584 1929 654 1967 petri
684 1928 830 1956 caelorum
856 1927 894 1954 ab
915 1936 950 1954 eo
974 1925 1030 1953 cla-

469 1979 552 2006 uibus
568 1981 742 2005 muneratur.

429 2026 508 2054 LIX.
548 2025 704 2053 Passurum
751 2031 782 2050 se
823 2020 1030 2058 praenuntians

469 2072 715 2102 contradicentem
744 2075 857 2106 petrum
890 2068 1029 2104 increpat,

469 2126 497 2148 et
511 2128 630 2149 omnem
645 2117 793 2146 uolentem
809 2115 888 2153 sequi
905 2124 934 2142 se
946 2114 1030 2142 docet

470 2168 616 2204 abnegare
632 2175 662 2193 se
677 2165 782 2202 ipsum.

1306 361 1334 384 Γ.

1145 406 1160 433 i.
1183 405 1228 433 De
1244 406 1371 443 quinque
1384 407 1507 443 panibus
1517 412 1545 435 et

1217 453 1332 481 duobus
1358 454 1487 490 piscibus
1516 454 1544 481 in

1217 500 1344 538 quinque
1363 501 1441 528 milia
1457 501 1543 529 uiros.

1138 546 1164 574 ii.
1187 547 1256 575 Ihfis
1279 556 1365 584 supra
1387 557 1465 575 mare
1482 557 1544 575 arn-

1216 594 1294 622 bulat
1350 600 1378 622 et
1430 600 1543 631 petrum

1214 646 1394 678 mergentem
1410 642 1522 669 alleuat.

1122 688 1157 715 iii.
1180 687 1217 716 Et
1242 688 1271 716 in
1298 694 1371 717 terra
1399 697 1542 725 gennesar

1214 735 1320 764 multos
1387 736 1541 772 languores

1214 787 1303 811 curat.

1090 878 1163 905 XV.
1185 879 1234 906 De
1249 879 1407 906 manibus
1421 879 1540 905 laban-

1170 925 1223 952 dis
1249 927 1283 952 et
1305 927 1347 953 cle
1372 926 1426 952 his
1452 933 1539 959 quae

1169 973 1211 1000 de
1230 973 1310 1000 hore
1326 975 1463 1000 exeunt.

1136 1025 1152 1052 i.
1177 1024 1254 1059 Quia
1271 1026 1459 1062 coinquinant
1479 1035 1539 1053 non

1211 1082 1285 1109 quae
1308 1073 1415 1100 intrant
1437 1073 1466 1099 in
1487 1072 1538 1100 ho-

1210 1120 1328 1147 minem.

1133 1165 1159 1192 ii.
1182 1165 1286 1194 Fiiiam
1310 1166 1436 1194 mulieris
1459 1175 1538 1203 syro-

1210 1213 1364 1249 phenissae
1388 1222 1404 1241 a
1420 1213 1538 1241 daemo-

1210 1260 1258 1288 nio
1274 1266 1363 1288 curat.

1121 1307 1157 1334 iii.
1180 1306 1217 1335 Et
1233 1316 1316 1335 secus
1339 1317 1419 1335 mare
1434 1307 1537 1344 galilae

1209 1354 1308 1383 clodos
1319 1364 1423 1383 caecos
1435 1360 1462 1383 et
1472 1364 1537 1382 mu-

1211 1407 1257 1430 tos
1273 1407 1363 1430 sanat.

1084 1451 1175 1477 XVI.
1209 1452 1258 1478 De
1287 1453 1417 1484 septem
1445 1452 1538 1484 pam*—

1166 1499 1230 1525 bus
1245 1500 1279 1525 et
1299 1499 1418 1531 paucis
1438 1498 1537 1532 pisci-

1165 1546 1230 1572 bus
1251 1547 1420 1578 quadtuor
1445 1545 1539 1573 milia

1166 1593 1342 1619 hominum
1357 1595 1497 1620 saturat.

1134 1639 1150 1666 i.
1174 1638 1219 1667 De
1245 1639 1326 1676 signe
1355 1639 1445 1667 Ionae
1469 1648 1537 1676 pro-

1207 1686 1320 1722 phetae.

1130 1733 1156 1760 ii.
1180 1733 1224 1761 De
1244 1733 1386 1762 fermento
1408 1733 1536 1770 pharise-

1209 1789 1300 1808 orum.

1117 1827 1153 1855 iii.
1175 1827 1220 1855 De
1236 1828 1408 1864 episcopatu
1424 1828 1504 1864 petri.

1107 1875 1151 1902 iiii.
1175 1874 1274 1910 Quem
1290 1875 1418 1911 increpat
1429 1874 1482 1903 hac
1495 1875 1534 1903 di-

1207 1923 1246 1950 cit
1258 1931 1377 1950 crucem
1390 1931 1472 1950 suam
1485 1922 1533 1950 de—

1207 1970 1275 1997 bere
1297 1969 1394 1997 tollere
1410 1969 1534 1997 hunum-

1206 2026 1351 2053 quemque
1387 2016 1437 2053 qui
1468 2017 1536 2044 uelit

1206 2064 1359 2091 dominum
1376 2064 1466 2100 sequi.

1125 2120 1148 2138 v.
1171 2110 1208 2139 Et
1237 2111 1306 2139 dicit
1335 2120 1395 2139 non
1421 2111 1534 2139 uisuros

1206 2158 1350 2195 quosdam
1409 2163 1533 2185 mortem

1206 2205 1302 2233 donec
1315 2204 1432 2232 uideant
1443 2205 1533 2232 filium

1206 2252 1332 2280 hominis
1375 2252 1405 2279 in
1444 2262 1533 2289 regno

1206 2309 1259 2327 suo
1273 2300 1379 2327 uenire.

460 2370 530 2393 LIII.
551 2373 578 2396 >
589 2369 703 2392 manibus
714 2366 891 2396 discipulorum
909 2364 993 2387 Thom.

460 2403 529 2427 L1X.
546 2404 689 2426 uolentem
699 2409 705 2430 ς
723 2399 878 2423 uoluntatem
890 2397 945 2421 UY.

1114 2362 1184 2385 XIV.
1203 2362 1218 2384 i.
1236 2361 1352 2385 uirorum.

1644 361 1760 385 BHc-›JT
1771 370 1828 386 aur.
1842 363 1920 386 Harl.
1934 368 2004 394 2797.

1598 407 1643 435 De
1659 409 1787 445 quinque
1805 409 1929 446 panibus
1952 416 1979 438 et
1995 410 2048 438 du-

1638 455 1712 483 obus
1727 456 1853 492 piscibus
1869 457 1898 484 in
1917 457 2047 494 quinque

1638 502 1716 530 milia
1732 503 1817 531 uiros.

1596 548 1646 576 Ins
1670 558 1756 586 super
1784 559 1863 578 mare
1893 551 2047 579 ambulans

1637 601 1752 632 petrum
1793 603 1973 634 mergentem
2006 598 2047 626 le-

1637 648 1694 671 uat.

1595 689 1661 717 XV.
1684 690 1774 725 Quod
1799 700 1833 718 ea
1858 691 1951 728 magis
1972 700 2047 727 quae

1635 737 1670 765 de
1681 746 1729 765 ore
1739 743 1845 766 exeunt
1858 738 2046 775 coinquinant

1633 784 1791 812 hominem.

1594 1155 1696 1183 Filiam
1734 1155 1862 1184 mulieris
1903 1156 2042 1194 syrophe-

1633 1203 1727 1231 nissae
1750 1212 1766 1231 a
1788 1203 1945 1231 daemonio
1961 1209 2044 1231 sanat

1633 1255 1661 1278 et
1676 1250 1783 1278 multos
1798 1250 1870 1278 alios
1886 1255 1974 1278 sanat.

1592 1443 1673 1471 XVI.
1696 1443 1742 1472 De
1771 1447 1883 1480 septem
1914 1443 2039 1480 panibus

1632 1491 1661 1518 in
1677 1496 1801 1528 quatuor
1818 1491 1896 1518 milia
1910 1491 2004 1518 uiros:

1589 1726 1617 1754 A
1650 1726 1792 1755 fermento
1823 1726 2040 1764 pharisaeorum

1630 1774 1793 1802 cauendum
1826 1773 1963 1802 christum
1994 1773 2041 1801 dei

1629 1821 1686 1849 uiui
1720 1821 1809 1848 filium
1844 1830 1906 1848 esse
1942 1825 2041 1857 petrus

1630 1868 1799 1902 confitetur;
1816 1877 1962 1905 quemque
1972 1872 2040 1905 post

1628 1915 1777 1952 paululum
1813 1914 1934 1943 christus
1970 1914 2040 1942 dure

1628 1963 1767 1999 increpat.

1619 2355 1690 2378 XIV.
1708 2363 1754 2378 om.
1774 2355 1818 2377 ihs
1838 2362 1895 2377 aur.
1939 2353 2038 2377 adleuat

1587 2388 1730 2413 ΒΗΘιαΙΙ-*ι
1743 2395 1799 2410 azur.
1816 2387 1939 2413 (allebatss.

1620 2421 1676 2444 XV.
1695 2421 1781 2443 liberat
1796 2420 1831 2442 his
1845 2419 1880 2447 H,
1894 2419 1979 2449 primo
1991 2418 2038 2441 loco

1587 2455 1630 2477 ΒΘ
1644 2454 1720 2477 Harl.
1736 2458 1797 2483 2797
1815 2452 1899 2475 Tllom.

1619 2487 1690 2510 XVI.
1708 2494 1754 2508 om.
1781 2492 1841 2508 esse
1862 2483 1938 2506 Harl.
1965 2488 2036 2513 2797.

1585 2526 1723 2548 quemque
1735 2526 1740 2541 :
1758 2521 1831 2548 atquc
1842 2517 1874 2540 H.
1900 2516 2038 2546 Petruspro

1586 2552 1699 2576 Christus
1710 2550 1782 2573 BHG)
1791 2550 1833 2572 sed
1843 2550 1982 2579 increpatur
1995 2548 2017 2570 1⁷1
2030 2556 2036 2577 ;

1558 2600 1560 2615 ,ι
1585 2594 1632 2609 om.
1646 2588 1668 2608 ct
1680 2584 1764 2607 Petrus
1775 2586 1798 2606 ct
1810 2582 1922 2605 Christus
1934 2589 1990 2604 aur.
