2209 3147
999 262 1015 286 <1

1020 264 1037 294 00

1042 263 1059 293 Lo

501 636 598 674 CAP.
639 635 731 674 VII.
805 634 1224 673 MISCELLANEA
1261 634 1560 681 QUAEDAM.

306 774 331 795 Ι.
370 765 425 795 DE
450 771 553 796 COLIS
578 772 625 794 ET
648 771 893 795 COMMATIBUS
918 770 1061 794 CODICIS
1080 764 1270 794 AMIATINI
1293 771 1339 793 ET
1364 770 1553 794 EDITIONIS
1580 770 1760 794 NOSTRAE.

325 894 367 923 IN
399 893 527 933 prologi
555 893 656 924 nostri
685 893 793 933 capite
824 893 873 923 IX
901 893 952 923 De
980 897 1084 923 textus
1114 893 1220 923 nostri
1240 893 1357 933 forma
1380 891 1504 934 (supra.
1526 904 1556 933 p.
1581 891 1714 933 xxxiii),
1739 892 1784 923 ita

281 945 529 977 scribebamus:
565 945 626 975 ‘In
658 945 857 975 sectionibus
888 945 1121 980 describendis,
1147 955 1231 984 quae
1263 936 1380 975 litteris
1407 945 1585 974 maioribus
1615 945 1785 984 incipiunt,

280 1002 313 1028 et
344 998 375 1027 in
407 997 536 1027 lineolis
568 1007 626 1037 per
656 997 728 1027 cola
760 1002 792 1027 et
820 1002 998 1034 commata,
1024 997 1270 1027 distinctionum
1303 996 1387 1032 loco,
1414 997 1609 1034 diuidendis,
1637 997 1784 1027 codicem

279 1049 487 1080 Amiatinum
519 1050 695 1088 sequimur,
721 1050 775 1089 qui
804 1049 886 1079 liber
917 1053 1062 1079 mentem
1087 1048 1205 1079 saltem
1232 1048 1431 1079 Cassiodorii
1462 1049 1630 1085 senatoris,
1661 1049 1688 1078 si
1719 1058 1784 1079 non

283 1101 491 1141 Hieronymi,
509 1102 550 1131 de
567 1101 628 1131 hac
649 1112 681 1131 re
698 1101 883 1141 exprimere
900 1101 1083 1131 credendus
1100 1099 1169 1131 est.’

326 1152 457 1184 Codicis
476 1153 640 1183 Amiatini
664 1153 793 1193 pagina,
815 1153 898 1183 sicut
920 1158 1041 1189 nostra,
1058 1152 1140 1182 duas
1160 1152 1329 1182 columnas
1353 1152 1500 1182 exhibet.
1548 1152 1685 1187 Textus,
1703 1152 1787 1182 sicut

282 1210 401 1241 nostra,
426 1205 458 1234 in
482 1205 654 1241 sectiones,
671 1205 751 1241 cola,
775 1209 806 1234 et
832 1208 997 1234 commata
1021 1204 1190 1234 diuiditur.
1239 1203 1410 1234 Sectiones
1427 1203 1524 1244 (quae
1548 1203 1623 1241 fere,
1641 1205 1698 1234 sed
1719 1214 1786 1234 non

281 1267 420 1297 semper,
441 1267 515 1286 cum
539 1256 742 1287 sectionibus
758 1255 930 1286 Ammonii
954 1254 1170 1296 concordant)
1187 1255 1301 1286 litteris
1324 1256 1502 1286 maioribus
1523 1256 1703 1295 incipiunt3
1728 1256 1787 1286 sed

283 1308 413 1348 punctis
438 1309 479 1338 ad
507 1308 605 1338 finem
638 1318 703 1338 non
729 1306 1001 1347 distinguunturl.
1049 1307 1173 1338 Puncta
1199 1307 1358 1338 hodierno
1386 1308 1485 1337 modo
1514 1318 1573 1337 nos
1602 1308 1633 1337 in
1658 1307 1788 1338 lectoris

283 1361 496 1390 commodum
527 1360 734 1390 subiecimus.
803 1360 973 1390 Sectiones
1002 1360 1033 1389 in
1058 1360 1213 1399 periodos
1243 1360 1373 1399 proprie
1404 1360 1508 1389 dictas
1536 1357 1691 1401 (Anglice
1717 1370 1787 1389 sen-

284 1411 396 1453 terzces)
425 1422 490 1442 non
521 1412 723 1448 diuiduntur,
752 1413 809 1442 sed
842 1417 972 1442 tantum
1001 1412 1032 1441 in
1065 1411 1136 1442 cola
1169 1416 1200 1441 et
1233 1416 1410 1447 commata,
1441 1422 1524 1451 quae
1556 1416 1630 1441 sunt
1661 1411 1788 1451 periodi

284 1469 394 1504 partes
420 1463 559 1494 maiores
587 1468 618 1494 et
643 1463 814 1495 minores2.
863 1463 1054 1494 sectionum
1080 1463 1205 1493 numeri
1228 1464 1260 1493 in
1286 1464 1431 1503 margine
1452 1464 1685 1503 adpinguntur.
1731 1463 1787 1493 Ad

284 1515 449 1546 sinistram
478 1515 649 1546 columnae
681 1521 807 1555 partem
841 1516 1001 1555 incipiunt
1033 1516 1193 1545 sectiones
1221 1520 1253 1545 et
1284 1515 1367 1545 cola.
1424 1514 1613 1545 Sectionum
1645 1525 1724 1545 uero
1756 1519 1788 1545 et

318 1658 325 1671 ¹
344 1658 392 1689 Qui
416 1659 487 1689 plura
510 1659 540 1682 de
565 1657 751 1682 ‘distinctione’
775 1658 815 1681 uel
846 1658 986 1689 ‘positura'
1089 1657 1208 1688 respirare
1237 1660 1370 1688 oporteret,
1395 1661 1487 1688 puncto
1520 1658 1551 1681 ad
1582 1658 1656 1681 imam
1681 1658 1789 1682 litteram

286 1698 404 1721 orationis
438 1698 533 1721 solutae
566 1698 627 1721 scire
662 1697 728 1726 uelit,
760 1697 832 1720 adeat
864 1697 986 1727 imprimis
1089 1696 1173 1726 posito
1191 1695 1241 1725 (.),
1256 1695 1322 1726 quod
1341 1696 1414 1719 nobis
1431 1697 1520 1719 mirum
1540 1697 1618 1720 uideri
1637 1698 1714 1728 possit
1734 1705 1789 1720 cum

286 1736 413 1760 Ciceronis
454 1736 583 1759 Oratorem
620 1737 655 1759 ad
687 1737 725 1760 M.
758 1737 881 1765 Brutum,
915 1743 985 1766 capp.
1090 1735 1136 1758 hoc
1150 1740 1267 1765 punctum
1282 1735 1330 1757 iam
1345 1743 1389 1765 pro
1403 1736 1498 1766 periodi
1512 1736 1583 1767 signo
1595 1737 1634 1760 sit.

287 1775 345 1804 lxvi,
375 1775 442 1798 lxvii.
499 1775 569 1806 Quae
595 1776 660 1799 enim
690 1776 720 1799 de
756 1775 803 1798 hac
837 1783 861 1798 re
891 1775 987 1806 sci-ipsit
1123 1774 1171 1804 Qui
1187 1782 1216 1797 ex
1232 1774 1339 1804 antiquis
1354 1775 1525 1804 grammaticis
1541 1775 1638 1798 Latinis
1650 1775 1743 1806 optime
1760 1775 1790 1799 de

287 1815 323 1838 M.
343 1814 421 1837 Varro
445 1818 521 1837 artem
545 1814 673 1837 metricam
694 1818 816 1845 tangunt;
846 1815 902 1837 uide
924 1814 985 1844 frag·
1090 1813 1136 1835 hac
1149 1821 1173 1836 re
1186 1813 1283 1843 scripsit
1301 1812 1438 1836 Diomedes
1456 1817 1493 1836 est
1511 1814 1585 1842 (circa
1598 1820 1655 1838 ΑΛ).
1670 1814 1738 1844 350),
1750 1814 1788 1838 ed.

288 1857 397 1876 mentum
427 1854 478 1876 eius
510 1853 555 1876 68*
586 1853 652 1884 apud
681 1854 746 1884 Aug.
777 1853 928 1876 wilimanns
960 1853 988 1876 de
1091 1851 1148 1874 Keil
1162 1858 1243 1882 1243?
1259 1862 1278 1870 =
1293 1858 1337 1881 451
1354 1852 1453 1876 Putsch.
1487 1853 1627 1876 Secundum
1640 1853 1790 1876 Diomedem

288 1893 327 1915 M.
353 1892 454 1915 Terenti
481 1892 602 1915 Varronis
626 1892 697 1915 libris
718 1892 892 1923 grammaticis
916 1892 987 1915 Bero—
1090 1892 1095 1902 ¹
1108 1891 1189 1914 media
1206 1891 1347 1914 distinctio’
1366 1891 1439 1914 etiam
1462 1891 1562 1915 ‘mom'
1581 1892 1619 1915 uel
1635 1893 1790 1915 ‘submedia’

289 1931 332 1954 lini
356 1930 418 1961 1864
442 1939 466 1961 p.
487 1932 539 1961 198.
575 1931 701 1955 Ciceronis
726 1932 794 1954 locus
821 1931 988 1961 grammaticis
1090 1931 1233 1958 uocabatur,
1252 1934 1275 1953 et
1302 1930 1436 1961 respirandi
1461 1932 1567 1961 spatium
1592 1931 1683 1962 legenti
1705 1932 1790 1955 dabat.

290 1970 385 1993 Latinis
406 1978 450 2000 pro
471 1970 631 1993 fundamento
652 1974 696 1999 est,
716 1971 758 2001 qui
781 1974 860 1993 tamen
881 1971 943 1993 inter
964 1978 988 1993 se
1092 1969 1127 1992 Hi
1147 1969 1304 2000 grammatici
1326 1969 1388 1992 nihil
1407 1970 1437 1993 de
1456 1971 1526 2001 signo
1545 1971 1611 2002 quod
1629 1979 1674 1994 nos
1692 1979 1790 1994 comma

289 2017 338 2032 non
373 2009 475 2032 omnino
504 2009 661 2032 concordant.
706 2009 796 2032 Isidori
833 2010 989 2040 Hispalensis
1090 2016 1208 2031 uocamus
1228 2009 1271 2038 ῃ)
1292 2009 1388 2036 docent,
1403 2010 1468 2040 quod
1491 2010 1590 2033 saeculo
1612 2018 1677 2033 nono
1696 2010 1790 2041 periodi

289 2048 443 2079 temporibus
461 2053 531 2077 tA.D.
546 2047 672 2077 622-632)
686 2048 851 2071 distinctionis
867 2048 929 2071 ratio
947 2056 989 2079 per
1091 2052 1148 2071 nota
1161 2051 1219 2070 erat.
1256 2047 1293 2070 Cf.
1309 2047 1425 2071 Old-Lat.
1436 2049 1503 2072 Bz'bl.
1517 2050 1598 2077 Tarm,
1610 2049 1629 2078 I,
1643 2057 1684 2080 pp.
1696 2049 1718 2072 xl
1729 2057 1779 2079 seq.

290 2090 383 2118 puncta
400 2087 454 2115 tria,
471 2087 621 2111 Graecorum
640 2095 714 2115 more,
734 2087 814 2110 adhuc
832 2087 856 2110 in
874 2096 919 2110 usu
936 2091 988 2111 erat
1124 2085 1132 2098 ²
1150 2086 1285 2116 Quomodo
1316 2088 1322 2098 ‘
1334 2086 1421 2109 colon'
1446 2095 1460 2109 a
1485 2089 1490 2099 ⁶
1502 2086 1642 2110 cominate’
1666 2088 1791 2111 diuersum

292 2126 336 2156 (cf.
357 2126 472 2156 Origines
486 2126 525 2149 uel
547 2127 716 2157 Etymologias
730 2126 775 2149 lib.
792 2127 808 2155 i,
828 2134 881 2157 cap.
901 2135 931 2149 xx
950 2127 989 2149 De
1091 2125 1121 2148 sit
1139 2133 1188 2148 non
1207 2125 1271 2148 clare
1290 2130 1415 2156 exponunt
1433 2126 1556 2154 rhetores;
1579 2127 1732 2155 A1istoteles‚
1750 2127 1791 2158 qui

286 2165 423 2196 positura).
458 2165 584 2194 Periodus,
598 2165 703 2196 Angtiee
718 2174 733 2188 a
746 2168 860 2194 sentence,
875 2166 989 2188 Ciceroni
1092 2164 1185 2195 primus
1198 2164 1227 2186 de
1240 2164 1279 2187 his
1292 2165 1372 2193 rebusy
1383 2165 1445 2188 inter
1458 2169 1569 2189 auctores
1581 2165 1655 2189 hodie
1667 2166 1791 2196 cognitos,

292 2204 404 2235 pluribus
421 2204 563 2227 nominibus
582 2204 648 2227 dicta
666 2208 711 2233 est,
731 2205 846 2233 ambitus,
865 2205 989 2233 circuitus,
1092 2203 1190 2226 uidetur
1206 2203 1355 2233 disseruisse,
1375 2209 1500 2227 commata
1519 2213 1653 2236 numquam
1671 2206 1792 2229 nominat.

292 2242 488 2273 comprehensio,
524 2243 685 2271 continuatim
721 2244 918 2274 circumscriptio
949 2243 990 2274 (cf.
1093 2243 1131 2265 De
1144 2243 1245 2273 periodo
1264 2247 1287 2266 et
1305 2243 1334 2266 de
1354 2243 1416 2267 colis
1434 2247 1530 2266 tanturn
1548 2244 1659 2276 loquitur
1671 2245 1743 2268 Rhet.
1756 2245 1792 2269 iii.

293 2281 396 2312 Quintil.
412 2281 443 2304 ix.
457 2282 492 2312 4),
511 2289 574 2312 quae
592 2283 633 2305 uix
652 2282 699 2305 sibi
716 2283 740 2305 in
760 2287 811 2305 arte
829 2283 991 2313 grammatica
1094 2289 1117 2312 9.
1152 2282 1286 2305 Commata
1302 2291 1316 2305 a
1333 2282 1395 2305 colis
1408 2282 1591 2313 distinguuntur
1605 2292 1619 2306 a
1631 2284 1793 2315 scriptoribus

292 2321 375 2343 locum
387 2320 579 2344 uindicauerunt.
614 2321 701 2344 Isidori
715 2321 867 2352 temporibus
877 2322 991 2352 periodus
1093 2321 1277 2351 posterioribus,
1296 2329 1328 2344 sc.
1348 2330 1362 2344 a
1382 2322 1496 2352 Longino
1515 2321 1591 2352 τέχιή
1610 2322 1723 2352 ῥητορική
1742 2323 1791 2352 (ed.

293 2358 486 2387 ‘distinctione,'
507 2359 533 2382 id
557 2363 593 2383 est
622 2364 713 2391 puncto
740 2360 771 2383 ad
795 2365 869 2391 caput
896 2360 991 2384 litterae
1093 2360 1200 2390 Spengel
1219 2360 1235 2384 i.
1256 2368 1280 2391 p.
1300 2361 1368 2391 309),
1386 2361 1494 2384 Aristide
1511 2361 1606 2390 τεχνῶν
1622 2362 1754 2392 ῥητορικῶν
1771 2360 1793 2384 α’

293 2398 376 2429 posito
390 2399 413 2427 ('
425 2399 441 2427 ),
455 2399 594 2421 notabatur.
630 2398 719 2427 Colon,
734 2399 759 2422 id
772 2403 806 2422 est
822 2401 827 2411 ‘
838 2398 991 2428 membrum‚'
1096 2400 1139 2430 (ib.
1162 2400 1188 2422 ii.
1208 2408 1233 2430 p.
1247 2404 1314 2430 507),
1334 2400 1480 2423 Alexandro
1499 2400 1549 2431 περὶ
1570 2400 1702 2430 σχημάτων
1724 2401 1750 2424 H
1770 2399 1793 2423 α’

293 2436 399 2467 Anglice
422 2444 438 2459 a
468 2437 547 2459 clause
571 2445 628 2468 pars
660 2438 754 2468 periodi
787 2438 865 2461 maior
894 2442 937 2467 esty
968 2442 992 2461 et
1095 2438 1139 2467 (ib.
1152 2438 1184 2461 iii.
1197 2447 1220 2469 p.
1232 2439 1283 2469 27),
1294 2446 1419 2469 anonymo
1431 2438 1483 2468 περὶ
1496 2439 1628 2469 σχημάτων
1639 2441 1680 2471 (ib.
1691 2448 1713 2471 p.
1727 2440 1792 2470 113),

294 2477 300 2488 ‘
312 2475 393 2498 media
417 2475 590 2505 distinctione,y
612 2476 636 2499 id
660 2481 695 2500 est
720 2481 812 2507 puncto
834 2477 865 2500 ad
884 2477 992 2500 mediam
1094 2478 1136 2508 qui
1150 2485 1247 2501 comma
1264 2486 1293 2501 ex
1310 2482 1434 2508 quattuor,
1448 2478 1563 2509 quinque.
1577 2479 1617 2501 uel
1634 2487 1675 2503 sex
1693 2479 1794 2510 syllabis

294 2514 401 2537 litteram
425 2514 508 2544 posito
537 2514 590 2545 (·),
612 2516 751 2539 notabatur.
786 2516 901 2545 Comma,
925 2516 992 2547 quod
1095 2521 1205 2540 constare
1229 2517 1315 2546 eredit,
1335 2521 1359 2540 et
1384 2517 1514 2540 Demetrio
1538 2517 1589 2547 περὶ
1610 2517 1731 2548 ἑρμηνείας
1754 2520 1793 2549 §9

295 2553 409 2576 Ciceroni
429 2554 435 2565 ‘
447 2552 565 2576 incisum'
585 2557 631 2582 est,
657 2554 714 2577 aliis
736 2554 868 2583 ‘caesumf
887 2555 993 2585 Anglice
1097 2556 1140 2586 (ib.
1159 2564 1183 2586 p.
1198 2555 1265 2586 262).
1300 2556 1347 2579 Sed
1366 2564 1395 2579 ex
1416 2556 1454 2579 his
1472 2564 1519 2579 non
1539 2557 1609 2580 facile
1627 2558 1717 2581 erueris
1734 2558 1794 2589 quid

295 2599 310 2614 a
328 2591 463 2614 sub-clause
475 2591 515 2615 uel
533 2600 548 2615 a
566 2592 698 2623 dependent
714 2593 801 2622 clause,
820 2601 876 2624 pars
898 2594 993 2624 periodi
1095 2595 1125 2617 sit
1140 2595 1256 2619 commati
1269 2596 1396 2626 proprium
1409 2599 1504 2626 praeter
1518 2596 1668 2619 breuitatem.

296 2631 377 2653 minor
400 2635 443 2657 est,
468 2634 491 2653 et
517 2631 766 2655 ‘sub-distinctione'
790 2633 928 2661 notabatur,
952 2633 994 2655 ubi

1556 2684 1619 2715 5C
