2258 3157
353 210 443 239 PRA
450 210 537 239 EFA
547 211 629 240 TIO.
678 212 730 240 CA
737 211 775 241 P.
800 210 869 240 III.
918 210 1057 240 CODlC
1064 211 1131 238 (JAJ
1152 211 1302 240 NOSTR
1310 210 1366 239 OR
1374 210 1445 239 HM
1463 211 1521 239 EL
1528 210 1723 240 ENCHUS.
1780 210 1839 240 xiii

418 306 501 326 saec.
517 295 605 325 VIII
623 295 762 326 ineuntis
780 296 831 325 uel
848 295 916 325 VII
935 297 1085 326 exeuntis
1103 296 1133 326 in
1151 296 1285 327 ecclesia
1303 296 1484 326 cathedrali
1499 295 1718 326 Lichfeldensi
1739 306 1757 325 a
1774 295 1838 326 fine

418 357 501 378 saec.
515 358 538 376 x
552 352 700 377 seruatus
715 359 720 383 3
744 348 831 377 unde
844 347 944 387 uulgo
963 347 1080 377 Codex
1099 347 1132 378 S.
1149 347 1304 378 Ceaddae
1321 348 1427 378 dictus
1443 352 1502 377 est.
1544 347 1675 377 Codicis
1692 347 1837 387 amplam

417 399 628 429 collationem
653 399 755 429 edidit
781 399 829 428 uir
854 400 1051 429 reuerendus
1077 400 1112 429 F.
1138 399 1180 429 H.
1197 399 1240 429 A.
1260 398 1437 436 Scrivener²
1456 399 1609 429 Cantabr.
1630 399 1709 437 1887
1729 411 1735 435 3
1766 404 1837 429 erat

418 449 568 480 Bentleio
586 449 605 487 ξ
619 451 650 480 111
676 450 759 480 libro
776 450 830 480 Tr.
849 450 931 480 Coll.
951 450 1046 480 Cant.
1065 451 1101 481 B.
1122 459 1168 490 17.
1186 458 1214 490 5.
1262 449 1326 492 (Cf.
1344 450 1638 491 Palaeographical
1661 450 1795 489 Society
1812 450 1836 488 Ι,

418 502 509 532 tabb.
529 510 577 538 20,
597 510 644 536 21,
661 508 710 542 35.
730 501 901 532 Scrivener
918 502 936 531 l.
951 512 985 539 c.,
1002 502 1192 533 Westwood
1209 502 1306 533 A-S.
1319 502 1388 532 [md
1400 503 1428 534 J.
1448 502 1560 533 MSS.
1574 513 1628 543 pp.
1645 502 1751 540 56-58
1769 503 1836 532 tab.

420 562 458 593 23
476 558 508 583 et
525 553 599 583 Pal.
620 553 693 583 Sac.
712 553 797 583 Pict.
815 554 882 583 tab.
904 554 966 593 12.)

334 605 381 635 16.
396 604 440 634 M.
468 604 585 635 Codex
613 605 870 645 Euangeliorum
890 605 1146 636 lilediolam-nsis
1171 606 1290 636 saeculi
1317 606 1413 641 sexti,
1443 604 1665 636 bibliothecae
1689 604 1835 635 Ambro-

416 657 526 686 sianae
545 656 801 687 Mediolanensis
820 656 856 687 C.
876 665 923 696 39.
944 657 1004 687 Inf.
1053 657 1210 688 Codicem
1228 658 1401 697 exscripsit
1425 658 1473 687 uir
1497 657 1696 687 reuerendus
1714 657 1834 687 Fortu-

417 713 513 738 natus
531 708 620 739 Uilla
637 708 889 744 Ambrosianus,
908 708 1001 739 huius
1019 709 1171 739 editionis
1187 710 1301 749 gratia.

332 767 381 798 17.
396 759 443 789 Ns.
469 760 585 791 Codex
609 759 867 800 Euangeliorum
890 760 1053 791 stlarlim'-
1062 761 1256 791 Turonensis
1279 760 1395 791 litteris
1419 760 1524 790 aureis
1546 771 1628 791 saec.
1644 760 1732 790 VIII
1756 770 1834 790 exa-

417 816 515 849 ratus,
532 811 752 842 bibliothecae
769 812 969 842 Turonensis
989 821 1026 842 22
1044 825 1050 849 3
1074 817 1143 843 erat
1160 812 1315 843 Walkero
1327 825 1353 851 ρ.
1395 812 1552 843 Codicem
1577 812 1716 842 contulit
1735 811 1771 842 G.
1787 812 1833 842 Μ.

417 863 618 903 Youngman
639 864 732 900 1884.

335 914 384 945 18.
399 915 438 945 O.
464 915 581 945 Codex
606 915 866 955 Euangeliorum
891 914 1081 946 oxoniensis
1104 926 1187 946 saec.
1210 916 1288 951 VII,
1306 916 1361 956 qui
1379 914 1478 955 uulgo
1496 915 1614 945 dicitur
1632 914 1833 955 ‘Euangelia

417 966 529 997 Sancti
546 967 743 1007 Augustini‚’
760 977 801 997 sc.
819 968 967 997 coenobii
985 967 1130 997 eiusdem
1154 967 1294 997 nominis
1313 966 1564 1003 Cantuariensis‚
1582 966 1613 996 in
1631 966 1833 996 bibliotheca

417 1018 599 1049 Bodleiana
621 1019 682 1049 sub
706 1019 790 1048 notis
809 1018 869 1056 857
888 1024 920 1048 61
943 1019 1043 1049 Auct.
1062 1019 1102 1049 D.
1122 1028 1149 1049 2.
1170 1029 1217 1056 14,
1235 1024 1401 1054 seruatus3
1427 1023 1496 1048 erat
1516 1018 1644 1049 Casleio
1662 1021 1697 1057 ψ.
1745 1018 1832 1048 Con-

416 1070 561 1100 tulerunt
580 1070 603 1100 Ι.
622 1070 654 1100 S.
673 1074 705 1100 et
727 1070 776 1100 uir
795 1070 1005 1100 doctissimus
1032 1071 1067 1100 F.
1086 1071 1209 1101 Madan
1234 1070 1380 1101 eiusdem
1403 1069 1622 1100 bibliothecae
1648 1069 1831 1100 uice—Prae-

417 1122 531 1152 fectus.
572 1121 790 1152 Collationem
811 1122 971 1152 recensuit
990 1122 1027 1152 G.
1047 1122 1093 1152 M.
1111 1122 1311 1162 Youngman
1332 1121 1422 1162 1883.
1468 1120 1530 1162 (Cf.
1550 1120 1739 1151 Westwocd
1757 1121 1830 1151 Pal.

417 1173 523 1204 Sacra
539 1174 623 1204 Fiet.
640 1174 707 1203 tab.
730 1183 775 1205 11,
794 1184 846 1204 no.
865 1173 908 1214 5.)

331 1234 379 1264 19.
394 1225 427 1255 P.
454 1225 571 1256 Codex
595 1225 767 1265 Euangelii
788 1225 901 1256 Sancti
924 1225 1034 1255 Lucae
1053 1225 1243 1263 Perusinas,
1260 1225 1480 1264 fragmentum
1502 1225 1624 1255 scilicet
1651 1235 1693 1254 ex
1718 1225 1831 1255 codice

414 1288 578 1317 purpureo
606 1277 736 1314 saeculi,
759 1282 793 1307 ut
818 1277 926 1312 fertur,
946 1277 992 1307 VI
1013 1277 1153 1307 ineuntis
1179 1277 1221 1307 ad
1244 1277 1425 1316 capitulum
1450 1276 1605 1307 ecclesiae
1633 1276 1831 1306 cathedralis

416 1329 589 1359 Perusinae
617 1329 799 1368 pertinens:
826 1328 928 1359 habet
954 1328 1032 1359 Luc.
1059 1329 1076 1358 i.
1104 1329 1224 1359 26jxii.
1249 1336 1275 1368 7,
1300 1329 1357 1359 sed
1382 1327 1492 1358 multis
1518 1329 1549 1358 in
1579 1328 1659 1358 locis
1687 1328 1830 1358 mutilus.

416 1380 530 1411 Edidit
549 1381 571 1410 I.
589 1380 786 1411 Blanchinus
802 1380 868 1410 Ea.
889 1380 1010 1418 Quads‘.
1030 1380 1092 1410 uol.
1111 1380 1154 1410 II.
1172 1380 1262 1420 App.
1281 1391 1311 1420 p.
1332 1381 1406 1419 562.

329 1440 379 1462 20.
394 1431 435 1471 Q
461 1432 577 1462 Codex
603 1432 731 1471 Euang.
748 1432 957 1463 Kenamwsss
976 1431 1085 1472 (Book
1105 1432 1144 1462 of
1155 1430 1273 1473 Kells),
1289 1443 1314 1462 s.
1330 1432 1399 1462 VII
1419 1431 1469 1462 uel
1483 1432 1581 1469 VIII,
1599 1442 1684 1462 nunc
1700 1430 1781 1461 Coll.
1795 1431 1829 1462 S.

413 1483 503 1513 Trin.
522 1484 746 1514 Dublinensis.
794 1483 943 1514 Contulit
961 1484 999 1514 T.
1017 1484 1060 1513 K.
1078 1483 1213 1515 Abbott
1233 1488 1265 1514 et
1283 1483 1491 1515 collationem
1509 1484 1612 1514 edidit
1631 1484 1661 1513 in
1687 1483 1830 1514 editione

413 1536 535 1566 codicis
559 1536 907 1575 ante-Hieronymiani
934 1534 1176 1577 Usse1·iani(7‘1)
1202 1535 1339 1565 Dublini
1368 1534 1457 1572 1884.
1504 1535 1586 1576 (Pal.
1605 1535 1678 1565 Soc.
1698 1535 1721 1569 I.
1739 1535 1828 1566 tabb.

412 1587 527 1625 55-58‚
541 1593 573 1617 ct
586 1587 635 1624 88,
648 1587 697 1627 89:
713 1587 903 1617 Westwood
915 1587 1012 1617 .-1.-S.
1024 1587 1093 1617 and
1101 1587 1128 1616 l.
1141 1587 1253 1617 MSS.
1266 1598 1321 1627 pp.
1332 1593 1435 1627 25533
1445 1587 1532 1617 tabb.
1546 1586 1603 1616 Se]
1615 1596 1626 1615 1
1642 1592 1672 1616 61
1685 1586 1725 1616 Ρ.
1740 1586 1777 1616 S.
1787 1587 1828 1616 P.

413 1639 503 1669 tabb.
525 1638 573 1675 16,
595 1646 641 1677 17,
660 1644 692 1670 et
709 1639 873 1669 Nalimlal
885 1638 995 1668 MSS.
1013 1639 1053 1678 of
1064 1639 1202 1669 lrelmm'
1215 1644 1297 1678 part.
1316 1639 1333 1675 i,
1351 1649 1404 1678 pp.
1421 1639 1526 1674 xssxii,
1544 1639 1633 1669 tabb.
1650 1637 1809 1679 viissxvii.)

328 1691 433 1722 21.R.
460 1690 578 1721 Codex
606 1691 733 1730 Euang.
761 1690 1061 1720 Ruslzzcrortlziamzs
1092 1690 1144 1720 uel
1174 1690 1333 1730 ‘Gospels
1365 1690 1401 1720 of
1427 1690 1507 1720 sllac
1537 1688 1654 1729 chol,’
1681 1700 1700 1719 a
1723 1690 1829 1720 scriba

413 1742 593 1772 Hibernico
607 1743 724 1779 dictus,
742 1742 797 1781 qui
815 1742 865 1772 ob.
884 1749 960 1771 A.D.
977 1742 1048 1777 820,
1066 1742 1190 1772 Oxonii
1209 1743 1241 1771 in
1258 1741 1336 1772 bibl.
1355 1741 1534 1772 Bodleiana
1551 1742 1611 1771 sub
1633 1746 1711 1771 nota
1728 1741 1827 1771 Auct.

414 1794 456 1824 D.
469 1803 495 1831 2,
512 1804 549 1834 19
564 1799 720 1824 seruatus.
746 1793 965 1834 Euangelium
981 1793 1122 1823 Matthei
1136 1793 1317 1824 uersionem
1332 1793 1442 1833 lingua
1461 1793 1658 1824 Merciorurn
1672 1793 1807 1823 exhibet
1821 1805 1828 1829 3

412 1850 520 1876 cetera
544 1845 726 1885 Euangelia
750 1845 862 1885 lingua
880 1845 1022 1885 Anglica
1039 1845 1297 1875 Northumbrica
1314 1844 1459 1884 glossata
1483 1849 1566 1879 sunt,
1589 1850 1623 1875 ut
1649 1845 1826 1874 Lindisfar-

411 1897 520 1927 nensis
538 1902 648 1927 noster
666 1896 733 1938 (Y).
781 1896 910 1927 Casleio
932 1902 965 1927 et
987 1896 1134 1927 Bentleio
1155 1902 1223 1927 erat
1245 1909 1274 1936 χ.
1323 1896 1432 1926 Huius
1452 1897 1605 1927 editionis
1625 1897 1728 1936 gratia
1750 1906 1826 1926 con-

410 1948 553 1979 tulerunt
572 1949 596 1979 I.
615 1949 657 1986 S„
677 1949 705 1988 J.
722 1949 871 1988 Johnson
894 1953 926 1978 et
945 1948 983 1978 G.
1002 1948 1046 1978 M.
1065 1949 1276 1988 Youngman.
1324 1948 1471 1978 Textum
1493 1949 1658 1985 uersionis,
1672 1959 1735 1978 una
1752 1958 1826 1978 cum

412 2000 675 2037 Lindisfarnensi,
689 2005 721 2030 et
738 2000 912 2031 collatione
927 2000 1045 2030 Latina
1062 2000 1236 2030 ediderunt
1249 2000 1276 2039 J
1290 1999 1473 2030 Stevenson
1487 2005 1518 2030 et
1534 2000 1572 2030 G.
1584 1999 1721 2040 MVaring
1732 1998 1826 2040 (Sur-

411 2056 479 2082 tees
498 2051 640 2091 Society‚
658 2052 725 2082 The
740 2052 961 2091 [lindisfarne
976 2051 1045 2081 and
1058 2051 1258 2081 Rnsllwortlc
1278 2051 1407 2090 Gospels
1427 2050 1640 2092 1854—1865),
1658 2056 1691 2081 et
1708 2051 1758 2082 W.
1772 2051 1825 2081 W.

412 2104 524 2139 Skeat,
540 2104 689 2134 secundis
715 2104 807 2141 curis,
834 2104 1068 2142 Cantabrigiae
1096 2102 1175 2142 1887
1198 2108 1258 2133 etc.
1304 2102 1367 2144 (Cf.
1387 2102 1577 2133 XVestwood
1596 2102 1696 2133 A.-S.
1712 2102 1782 2132 and
1797 2103 1824 2133 l.

410 2155 522 2185 MSS.
535 2165 589 2195 pp.
601 2155 707 2195 53—56
724 2156 790 2186 tab.
808 2156 845 2184 16
863 2160 895 2185 et
914 2155 988 2185 Pal.
1002 2155 1073 2185 δαί.
1084 2155 1168 2185 Pz'ct.
1180 2155 1246 2185 tab.
1261 2164 1311 2191 44,
1326 2154 1393 2184 Pal.
1407 2154 1481 2185 Soc.
1496 2154 1519 2192 Ι,
1530 2155 1620 2184 tabb.
1636 2163 1685 2194 90,
1700 2152 1764 2194 91.)

326 2215 375 2237 22.
390 2206 422 2237 S.
448 2206 567 2237 Codex
593 2207 720 2246 Euang.
747 2207 903 2237 Iohannis
928 2217 1011 2237 nunc
1037 2206 1118 2236 Coll.
1138 2206 1212 2237 Soc.
1236 2207 1310 2236 Iesu
1329 2205 1622 2245 Stonylmrstenszzn
1639 2216 1722 2236 saec.
1744 2206 1824 2242 VII,

411 2258 499 2296 olim,
511 2263 547 2288 ut
564 2258 675 2295 fertur,
686 2258 850 2297 peculium
869 2258 902 2288 S.
918 2258 1100 2294 Cuthberti‚
1117 2258 1207 2297 quod
1222 2259 1253 2287 in
1270 2257 1377 2288 loculo
1390 2258 1457 2287 eius
1474 2257 1526 2287 uel
1543 2257 1660 2287 saltem
1674 2258 1705 2287 in
1722 2258 1824 2288 eccle-

409 2310 457 2340 sia
484 2310 695 2340 Dunelmensi
721 2320 823 2349 usque
848 2311 889 2340 ad
920 2310 1051 2340 Henrici
1080 2310 1182 2349 Regis
1205 2309 1293 2339 VIII
1318 2314 1468 2349 tempora
1491 2309 1691 2339 seruabatur.
1739 2308 1823 2339 Cum

410 2361 582 2391 Amiatino
600 2366 631 2391 et
649 2361 864 2391 Dunelrnensi
882 2360 937 2402 (A)
955 2362 1109 2396 maxime,
1127 2362 1185 2391 sed
1202 2371 1267 2391 non
1284 2371 1423 2400 semper,
1440 2362 1627 2391 concordat.
1676 2360 1823 2391 Contulit

412 2413 436 2443 I.
456 2412 488 2443 S.
510 2414 601 2452 1879.
640 2412 703 2453 (Cf.
724 2413 789 2442 Pal.
808 2412 881 2443 Soc.
901 2413 925 2450 Ι,
942 2414 1009 2443 tab.
1030 2420 1077 2451 17,
1096 2412 1286 2443 westwood
1302 2413 1343 2443 P.
1362 2413 1397 2443 S.
1414 2412 1455 2443 P.
1473 2413 1539 2443 tab.
1560 2422 1593 2442 11
1614 2423 1666 2443 no.
1685 2412 1727 2453 6.)

324 2474 373 2505 23.
388 2465 426 2495 T.
455 2464 572 2494 Codex
598 2464 778 2494 Bibliorum
808 2464 988 2502 Tdctanus,
1007 2474 1091 2494 saec.
1116 2470 1151 2494 ut
1169 2465 1298 2495 uidetur
1316 2465 1357 2502 X,
1378 2464 1457 2494 olim
1476 2464 1689 2504 Hispalensis,
1706 2465 1822 2495 deinde

409 2516 598 2550 Toletanus‚
617 2526 702 2546 nunc
724 2527 799 2546 uero
816 2517 880 2546 bib.
900 2516 977 2546 Nat.
996 2516 1208 2546 Matritensis.
1257 2515 1412 2546 Codicem
1431 2526 1489 2556 pro
1508 2517 1667 2547 reuisione
1690 2516 1821 2547 Sixtina

408 2568 547 2599 contulit
565 2567 639 2599 Chr.
659 2568 846 2599 Palomares
871 2575 944 2598 ΛΑ).
966 2568 1056 2606 1588,
1074 2568 1164 2599 cuius
1189 2568 1319 2599 collatio
1342 2568 1469 2599 Romae
1485 2573 1634 2599 seruatur
1656 2569 1687 2598 in
1706 2568 1821 2599 Bibliis
