<?xml version="1.0" encoding="UTF-8"?>
<!DOCTYPE html PUBLIC "-//W3C//DTD XHTML 1.0 Transitional//EN"
    "http://www.w3.org/TR/xhtml1/DTD/xhtml1-transitional.dtd">
<html xmlns="http://www.w3.org/1999/xhtml" xml:lang="en" lang="en">
 <head>
  <title>
</title>
<meta http-equiv="Content-Type" content="text/html;charset=utf-8" />
  <meta name='ocr-system' content='tesseract 3.04.00' />
  <meta name='ocr-capabilities' content='ocr_page ocr_carea ocr_par ocr_line ocrx_word'/>
</head>
<body>
  <div class='ocr_page' id='page_1' title='image "./quattuoreuangeli00jero_0345.png"; bbox 0 0 2209 3147; ppageno 0'>
   <div class='ocr_carea' id='block_1_1' title="bbox 225 329 724 459">
    <p class='ocr_par' dir='ltr' id='par_1_1' title="bbox 225 329 724 459">
     <span class='ocr_line' id='line_1_1' title="bbox 388 329 560 359; baseline 0 -7"><span class='ocrx_word' id='word_1_1' title='bbox 388 329 492 359; x_wconf 65' lang='lat' dir='ltr'><strong>D&#39;AEGQ</strong></span> <span class='ocrx_word' id='word_1_2' title='bbox 502 337 560 353; x_wconf 80' lang='lat' dir='ltr'>aur.</span> 
     </span>
     <span class='ocr_line' id='line_1_2' title="bbox 225 373 724 411; baseline -0.006 -7"><span class='ocrx_word' id='word_1_3' title='bbox 225 375 323 404; x_wconf 86' lang='lat' dir='ltr'>LIIII.</span> <span class='ocrx_word' id='word_1_4' title='bbox 347 385 383 403; x_wconf 79' lang='grc' dir='ltr'>-Χ-</span> <span class='ocrx_word' id='word_1_5' title='bbox 400 375 453 402; x_wconf 95' lang='lat' dir='ltr'>uiri</span> <span class='ocrx_word' id='word_1_6' title='bbox 468 374 573 411; x_wconf 77' lang='lat' dir='ltr'>leprosi</span> <span class='ocrx_word' id='word_1_7' title='bbox 593 373 724 402; x_wconf 88' lang='lat' dir='ltr'>mundati</span> 
     </span>
     <span class='ocr_line' id='line_1_3' title="bbox 266 420 722 459; baseline -0.007 -9"><span class='ocrx_word' id='word_1_8' title='bbox 266 427 330 450; x_wconf 87' lang='lat' dir='ltr'>sunt</span> <span class='ocrx_word' id='word_1_9' title='bbox 341 422 445 459; x_wconf 85' lang='lat' dir='ltr'>quibus</span> <span class='ocrx_word' id='word_1_10' title='bbox 455 429 530 448; x_wconf 90' lang='lat' dir='ltr'>unus</span> <span class='ocrx_word' id='word_1_11' title='bbox 540 421 646 457; x_wconf 81' lang='lat' dir='ltr'>gratias</span> <span class='ocrx_word' id='word_1_12' title='bbox 656 420 722 457; x_wconf 83' lang='lat' dir='ltr'>egit.</span> 
     </span>
    </p>
   </div>
   <div class='ocr_carea' id='block_1_2' title="bbox 222 659 723 735">
    <p class='ocr_par' dir='ltr' id='par_1_2' title="bbox 222 659 723 735">
     <span class='ocr_line' id='line_1_4' title="bbox 222 659 723 697; baseline 0 -9"><span class='ocrx_word' id='word_1_13' title='bbox 222 660 285 688; x_wconf 93' lang='lat' dir='ltr'>LV.</span> <span class='ocrx_word' id='word_1_14' title='bbox 309 659 355 688; x_wconf 87' lang='lat' dir='ltr'>Sic</span> <span class='ocrx_word' id='word_1_15' title='bbox 368 660 465 688; x_wconf 83' lang='lat' dir='ltr'>ueniet</span> <span class='ocrx_word' id='word_1_16' title='bbox 475 669 599 697; x_wconf 85' lang='lat' dir='ltr'>regnum</span> <span class='ocrx_word' id='word_1_17' title='bbox 611 659 640 687; x_wconf 81' lang='lat' dir='ltr'>di</span> <span class='ocrx_word' id='word_1_18' title='bbox 650 660 723 689; x_wconf 86' lang='lat' dir='ltr'>sicut</span> 
     </span>
     <span class='ocr_line' id='line_1_5' title="bbox 263 707 555 735; baseline 0.003 -1"><span class='ocrx_word' id='word_1_19' title='bbox 263 707 314 735; x_wconf 90' lang='lat' dir='ltr'>fuit</span> <span class='ocrx_word' id='word_1_20' title='bbox 329 707 358 734; x_wconf 89' lang='lat' dir='ltr'>in</span> <span class='ocrx_word' id='word_1_21' title='bbox 374 707 475 735; x_wconf 87' lang='lat' dir='ltr'>diebus</span> <span class='ocrx_word' id='word_1_22' title='bbox 491 716 555 735; x_wconf 88' lang='lat' dir='ltr'>noe.</span> 
     </span>
    </p>
   </div>
   <div class='ocr_carea' id='block_1_3' title="bbox 223 894 721 931">
    <p class='ocr_par' dir='ltr' id='par_1_3' title="bbox 223 894 721 931">
     <span class='ocr_line' id='line_1_6' title="bbox 223 894 721 931; baseline 0 -9"><span class='ocrx_word' id='word_1_23' title='bbox 223 894 301 922; x_wconf 89' lang='lat' dir='ltr'><strong>LVI.</strong></span> <span class='ocrx_word' id='word_1_24' title='bbox 324 894 382 922; x_wconf 92' lang='lat' dir='ltr'>Ubi</span> <span class='ocrx_word' id='word_1_25' title='bbox 395 894 477 922; x_wconf 86' lang='lat' dir='ltr'>fuerit</span> <span class='ocrx_word' id='word_1_26' title='bbox 489 903 594 931; x_wconf 90' lang='lat' dir='ltr'>corpus</span> <span class='ocrx_word' id='word_1_27' title='bbox 604 895 721 922; x_wconf 89' lang='lat' dir='ltr'>uenient</span> 
     </span>
    </p>
   </div>
   <div class='ocr_carea' id='block_1_4' title="bbox 262 941 383 978">
    <p class='ocr_par' dir='ltr' id='par_1_4' title="bbox 262 941 383 978">
     <span class='ocr_line' id='line_1_7' title="bbox 262 941 383 978; baseline 0 -9"><span class='ocrx_word' id='word_1_28' title='bbox 262 941 383 978; x_wconf 85' lang='lat' dir='ltr'>aquilae.</span> 
     </span>
    </p>
   </div>
   <div class='ocr_carea' id='block_1_5' title="bbox 222 961 747 1024">
    <p class='ocr_par' dir='ltr' id='par_1_5' title="bbox 222 961 747 1024">
     <span class='ocr_line' id='line_1_8' title="bbox 222 961 747 1024; baseline 0.002 -9"><span class='ocrx_word' id='word_1_29' title='bbox 222 987 316 1015; x_wconf 91' lang='lat' dir='ltr'>LVII.</span> <span class='ocrx_word' id='word_1_30' title='bbox 340 987 384 1016; x_wconf 87' lang='lat' dir='ltr'>De</span> <span class='ocrx_word' id='word_1_31' title='bbox 405 988 499 1016; x_wconf 85' lang='lat' dir='ltr'>iudice</span> <span class='ocrx_word' id='word_1_32' title='bbox 518 987 679 1024; x_wconf 84' lang='lat' dir='ltr'>Iniquitatis</span> <span class='ocrx_word' id='word_1_33' title='bbox 694 993 721 1016; x_wconf 89' lang='lat' dir='ltr'>et</span> <span class='ocrx_word' id='word_1_34' title='bbox 745 961 747 992; x_wconf 50' lang='lat' dir='ltr'>l</span> 
     </span>
    </p>
   </div>
   <div class='ocr_carea' id='block_1_6' title="bbox 262 1034 721 1109">
    <p class='ocr_par' dir='ltr' id='par_1_6' title="bbox 262 1034 721 1109">
     <span class='ocr_line' id='line_1_9' title="bbox 262 1034 721 1071; baseline 0.002 -9"><span class='ocrx_word' id='word_1_35' title='bbox 262 1034 358 1062; x_wconf 88' lang='lat' dir='ltr'>ueniet</span> <span class='ocrx_word' id='word_1_36' title='bbox 379 1034 453 1062; x_wconf 88' lang='lat' dir='ltr'>filius</span> <span class='ocrx_word' id='word_1_37' title='bbox 474 1034 601 1062; x_wconf 88' lang='lat' dir='ltr'>hominis</span> <span class='ocrx_word' id='word_1_38' title='bbox 616 1040 721 1071; x_wconf 86' lang='lat' dir='ltr'>putans</span> 
     </span>
     <span class='ocr_line' id='line_1_10' title="bbox 262 1081 503 1109; baseline 0.004 -1"><span class='ocrx_word' id='word_1_39' title='bbox 262 1081 393 1109; x_wconf 84' lang='lat' dir='ltr'>Inueniet</span> <span class='ocrx_word' id='word_1_40' title='bbox 408 1081 503 1109; x_wconf 87' lang='lat' dir='ltr'>fidem.</span> 
     </span>
    </p>
   </div>
   <div class='ocr_carea' id='block_1_7' title="bbox 221 1127 720 1157">
    <p class='ocr_par' dir='ltr' id='par_1_7' title="bbox 221 1127 720 1157">
     <span class='ocr_line' id='line_1_11' title="bbox 221 1127 720 1157; baseline 0.002 -2"><span class='ocrx_word' id='word_1_41' title='bbox 221 1127 332 1157; x_wconf 88' lang='lat' dir='ltr'>LVIII.</span> <span class='ocrx_word' id='word_1_42' title='bbox 364 1128 431 1156; x_wconf 90' lang='lat' dir='ltr'>Duo</span> <span class='ocrx_word' id='word_1_43' title='bbox 455 1128 587 1156; x_wconf 85' lang='lat' dir='ltr'>homines</span> <span class='ocrx_word' id='word_1_44' title='bbox 610 1128 720 1156; x_wconf 84' lang='lat' dir='ltr'>Ascen-</span> 
     </span>
    </p>
   </div>
   <div class='ocr_carea' id='block_1_8' title="bbox 262 1175 629 1211">
    <p class='ocr_par' dir='ltr' id='par_1_8' title="bbox 262 1175 629 1211">
     <span class='ocr_line' id='line_1_12' title="bbox 262 1175 629 1211; baseline 0 -9"><span class='ocrx_word' id='word_1_45' title='bbox 262 1175 364 1202; x_wconf 86' lang='lat' dir='ltr'>derunt</span> <span class='ocrx_word' id='word_1_46' title='bbox 379 1184 460 1203; x_wconf 86' lang='lat' dir='ltr'>orare</span> <span class='ocrx_word' id='word_1_47' title='bbox 477 1175 505 1202; x_wconf 89' lang='lat' dir='ltr'>in</span> <span class='ocrx_word' id='word_1_48' title='bbox 521 1175 629 1211; x_wconf 83' lang='lat' dir='ltr'>templo</span> 
     </span>
    </p>
   </div>
   <div class='ocr_carea' id='block_1_9' title="bbox 220 1315 720 1399">
    <p class='ocr_par' dir='ltr' id='par_1_9' title="bbox 220 1315 720 1399">
     <span class='ocr_line' id='line_1_13' title="bbox 220 1315 720 1352; baseline 0 -9"><span class='ocrx_word' id='word_1_49' title='bbox 220 1315 267 1343; x_wconf 88' lang='lat' dir='ltr'>Ad</span> <span class='ocrx_word' id='word_1_50' title='bbox 297 1315 500 1352; x_wconf 85' lang='lat' dir='ltr'>accipiendum</span> <span class='ocrx_word' id='word_1_51' title='bbox 533 1324 655 1352; x_wconf 83' lang='lat' dir='ltr'>regnum</span> <span class='ocrx_word' id='word_1_52' title='bbox 692 1315 720 1343; x_wconf 81' lang='lat' dir='ltr'>di</span> 
     </span>
     <span class='ocr_line' id='line_1_14' title="bbox 261 1363 429 1399; baseline 0 -9"><span class='ocrx_word' id='word_1_53' title='bbox 261 1363 333 1390; x_wconf 90' lang='lat' dir='ltr'>sicut</span> <span class='ocrx_word' id='word_1_54' title='bbox 349 1371 429 1399; x_wconf 83' lang='lat' dir='ltr'>puer.</span> 
     </span>
    </p>
   </div>
   <div class='ocr_carea' id='block_1_10' title="bbox 220 1455 746 1493">
    <p class='ocr_par' dir='ltr' id='par_1_10' title="bbox 220 1455 746 1493">
     <span class='ocr_line' id='line_1_15' title="bbox 220 1455 746 1493; baseline 0.002 -10"><span class='ocrx_word' id='word_1_55' title='bbox 220 1455 347 1484; x_wconf 90' lang='lat' dir='ltr'>LVIIII.</span> <span class='ocrx_word' id='word_1_56' title='bbox 370 1455 494 1484; x_wconf 86' lang='lat' dir='ltr'>Facilius</span> <span class='ocrx_word' id='word_1_57' title='bbox 504 1456 657 1484; x_wconf 86' lang='lat' dir='ltr'>camellum</span> <span class='ocrx_word' id='word_1_58' title='bbox 669 1465 719 1493; x_wconf 87' lang='lat' dir='ltr'>per</span> <span class='ocrx_word' id='word_1_59' title='bbox 744 1472 746 1479; x_wconf 91' lang='lat'>·</span> 
     </span>
    </p>
   </div>
   <div class='ocr_carea' id='block_1_11' title="bbox 261 1502 602 1531">
    <p class='ocr_par' dir='ltr' id='par_1_11' title="bbox 261 1502 602 1531">
     <span class='ocr_line' id='line_1_16' title="bbox 261 1502 602 1531; baseline 0.003 -1"><span class='ocrx_word' id='word_1_60' title='bbox 261 1502 392 1530; x_wconf 83' lang='lat' dir='ltr'>foramen</span> <span class='ocrx_word' id='word_1_61' title='bbox 408 1512 477 1530; x_wconf 18' lang='lat' dir='ltr'>acius</span> <span class='ocrx_word' id='word_1_62' title='bbox 492 1503 602 1531; x_wconf 87' lang='lat' dir='ltr'>intrare.</span> 
     </span>
    </p>
   </div>
   <div class='ocr_carea' id='block_1_12' title="bbox 219 1689 719 1811">
    <p class='ocr_par' dir='ltr' id='par_1_12' title="bbox 219 1689 719 1811">
     <span class='ocr_line' id='line_1_17' title="bbox 219 1689 719 1726; baseline 0.002 -8"><span class='ocrx_word' id='word_1_63' title='bbox 219 1689 284 1718; x_wconf 91' lang='lat' dir='ltr'>LX.</span> <span class='ocrx_word' id='word_1_64' title='bbox 320 1690 488 1718; x_wconf 89' lang='lat' dir='ltr'>Aduentum</span> <span class='ocrx_word' id='word_1_65' title='bbox 518 1690 662 1726; x_wconf 84' lang='lat' dir='ltr'>passionis</span> <span class='ocrx_word' id='word_1_66' title='bbox 691 1696 719 1719; x_wconf 89' lang='lat' dir='ltr'>et</span> 
     </span>
     <span class='ocr_line' id='line_1_18' title="bbox 261 1736 718 1766; baseline 0.004 -2"><span class='ocrx_word' id='word_1_67' title='bbox 261 1736 389 1765; x_wconf 83' lang='lat' dir='ltr'>Caecum</span> <span class='ocrx_word' id='word_1_68' title='bbox 412 1746 494 1765; x_wconf 85' lang='lat' dir='ltr'>secus</span> <span class='ocrx_word' id='word_1_69' title='bbox 517 1737 594 1765; x_wconf 83' lang='lat' dir='ltr'>uiam</span> <span class='ocrx_word' id='word_1_70' title='bbox 617 1738 718 1766; x_wconf 89' lang='lat' dir='ltr'>seden-</span> 
     </span>
     <span class='ocr_line' id='line_1_19' title="bbox 259 1783 493 1811; baseline 0 0"><span class='ocrx_word' id='word_1_71' title='bbox 259 1788 318 1811; x_wconf 83' lang='lat' dir='ltr'>tem</span> <span class='ocrx_word' id='word_1_72' title='bbox 334 1783 493 1811; x_wconf 83' lang='lat' dir='ltr'>inluminat.</span> 
     </span>
    </p>
   </div>
   <div class='ocr_carea' id='block_1_13' title="bbox 215 1929 718 2672">
    <p class='ocr_par' dir='ltr' id='par_1_13' title="bbox 218 1929 718 1993">
     <span class='ocr_line' id='line_1_20' title="bbox 250 1929 718 1961; baseline 0.004 -9"><span class='ocrx_word' id='word_1_73' title='bbox 250 1929 333 1953; x_wconf 89' lang='lat' dir='ltr'>LIIII.</span> <span class='ocrx_word' id='word_1_74' title='bbox 355 1933 421 1953; x_wconf 72' lang='lat' dir='ltr'>sunt</span> <span class='ocrx_word' id='word_1_75' title='bbox 429 1938 446 1955; x_wconf 85' lang='lat'>÷</span> <span class='ocrx_word' id='word_1_76' title='bbox 455 1938 468 1953; x_wconf 87' lang='lat' dir='ltr'>e</span> <span class='ocrx_word' id='word_1_77' title='bbox 480 1930 559 1961; x_wconf 63' lang='lat' dir='ltr'>EPGQ</span> <span class='ocrx_word' id='word_1_78' title='bbox 569 1939 625 1954; x_wconf 69' lang='lat' dir='ltr'>aur.</span> <span class='ocrx_word' id='word_1_79' title='bbox 660 1933 718 1959; x_wconf 71' lang='lat' dir='ltr'>egit</span> 
     </span>
     <span class='ocr_line' id='line_1_21' title="bbox 218 1962 554 1993; baseline 0.006 -9"><span class='ocrx_word' id='word_1_80' title='bbox 218 1962 282 1992; x_wconf 80' lang='lat' dir='ltr'>(agit</span> <span class='ocrx_word' id='word_1_81' title='bbox 295 1962 330 1992; x_wconf 81' lang='lat' dir='ltr'>G)</span> <span class='ocrx_word' id='word_1_82' title='bbox 339 1968 357 1986; x_wconf 63' lang='grc' dir='ltr'>-ί-</span> <span class='ocrx_word' id='word_1_83' title='bbox 366 1963 397 1985; x_wconf 65' lang='lat' dir='ltr'>dc]</span> <span class='ocrx_word' id='word_1_84' title='bbox 410 1963 487 1993; x_wconf 58' lang='lat' dir='ltr'>QPGQ</span> <span class='ocrx_word' id='word_1_85' title='bbox 497 1971 554 1987; x_wconf 82' lang='lat' dir='ltr'>aur.</span> 
     </span>
    </p>

    <p class='ocr_par' dir='ltr' id='par_1_14' title="bbox 216 1995 715 2052">
     <span class='ocr_line' id='line_1_22' title="bbox 250 1995 715 2020; baseline 0.006 -3"><span class='ocrx_word' id='word_1_86' title='bbox 250 1995 303 2017; x_wconf 93' lang='lat' dir='ltr'>LV.</span> <span class='ocrx_word' id='word_1_87' title='bbox 322 1996 535 2019; x_wconf 82' lang='lat' dir='ltr'>noe÷nubebant</span> <span class='ocrx_word' id='word_1_88' title='bbox 556 2000 579 2019; x_wconf 82' lang='lat' dir='ltr'>et</span> <span class='ocrx_word' id='word_1_89' title='bbox 603 1996 715 2020; x_wconf 85' lang='lat' dir='ltr'>aedifica-</span> 
     </span>
     <span class='ocr_line' id='line_1_23' title="bbox 216 2027 345 2052; baseline 0.016 -2"><span class='ocrx_word' id='word_1_90' title='bbox 216 2027 277 2051; x_wconf 81' lang='lat' dir='ltr'>bant</span> <span class='ocrx_word' id='word_1_91' title='bbox 289 2036 345 2052; x_wconf 78' lang='lat' dir='ltr'>aur.</span> 
     </span>
    </p>

    <p class='ocr_par' dir='ltr' id='par_1_15' title="bbox 216 2060 715 2157">
     <span class='ocr_line' id='line_1_24' title="bbox 250 2060 715 2091; baseline 0.004 -8"><span class='ocrx_word' id='word_1_92' title='bbox 250 2060 318 2084; x_wconf 87' lang='lat' dir='ltr'>LVI.</span> <span class='ocrx_word' id='word_1_93' title='bbox 336 2062 385 2084; x_wconf 89' lang='lat' dir='ltr'>ubi</span> <span class='ocrx_word' id='word_1_94' title='bbox 398 2062 483 2084; x_wconf 82' lang='lat' dir='ltr'>fuerit</span> <span class='ocrx_word' id='word_1_95' title='bbox 496 2069 550 2084; x_wconf 79' lang='lat' dir='ltr'>cum</span> <span class='ocrx_word' id='word_1_96' title='bbox 558 2062 715 2091; x_wconf 71' lang='lat' dir='ltr'>practedmle</span> 
     </span>
     <span class='ocr_line' id='line_1_25' title="bbox 216 2093 707 2124; baseline 0.006 -9"><span class='ocrx_word' id='word_1_97' title='bbox 216 2093 260 2116; x_wconf 74' lang='lat' dir='ltr'>suh</span> <span class='ocrx_word' id='word_1_98' title='bbox 276 2101 379 2116; x_wconf 70' lang='lat' dir='ltr'>numero</span> <span class='ocrx_word' id='word_1_99' title='bbox 391 2094 449 2116; x_wconf 89' lang='lat' dir='ltr'>LVI</span> <span class='ocrx_word' id='word_1_100' title='bbox 465 2094 522 2116; x_wconf 71' lang='lat' dir='ltr'>incl.</span> <span class='ocrx_word' id='word_1_101' title='bbox 538 2094 585 2124; x_wconf 83' lang='lat' dir='ltr'>GQ</span> <span class='ocrx_word' id='word_1_102' title='bbox 592 2102 647 2118; x_wconf 75' lang='lat' dir='ltr'>aur.</span> <span class='ocrx_word' id='word_1_103' title='bbox 660 2098 707 2118; x_wconf 68' lang='grc' dir='ltr'>εΗ-</span> 
     </span>
     <span class='ocr_line' id='line_1_26' title="bbox 217 2126 619 2157; baseline 0.002 -9"><span class='ocrx_word' id='word_1_104' title='bbox 217 2129 241 2149; x_wconf 83' lang='lat' dir='ltr'>et</span> <span class='ocrx_word' id='word_1_105' title='bbox 253 2126 287 2148; x_wconf 83' lang='lat' dir='ltr'>ad</span> <span class='ocrx_word' id='word_1_106' title='bbox 297 2126 354 2149; x_wconf 81' lang='lat' dir='ltr'>z&#39;m&#39;t.</span> <span class='ocrx_word' id='word_1_107' title='bbox 389 2126 488 2150; x_wconf 85' lang='lat' dir='ltr'>ueniunt</span> <span class='ocrx_word' id='word_1_108' title='bbox 501 2126 553 2157; x_wconf 70' lang='grc' dir='ltr'>ΞΡΩ</span> <span class='ocrx_word' id='word_1_109' title='bbox 562 2135 619 2149; x_wconf 76' lang='lat' dir='ltr'>tzur.</span> 
     </span>
    </p>

    <p class='ocr_par' dir='ltr' id='par_1_16' title="bbox 216 2158 713 2280">
     <span class='ocr_line' id='line_1_27' title="bbox 250 2158 713 2183; baseline 0.004 -2"><span class='ocrx_word' id='word_1_110' title='bbox 250 2158 330 2181; x_wconf 86' lang='lat' dir='ltr'>LVII.</span> <span class='ocrx_word' id='word_1_111' title='bbox 349 2159 452 2182; x_wconf 82' lang='lat' dir='ltr'>iudicem</span> <span class='ocrx_word' id='word_1_112' title='bbox 468 2167 526 2182; x_wconf 76' lang='grc' dir='ltr'><em>αιιν.</em></span> <span class='ocrx_word' id='word_1_113' title='bbox 560 2163 584 2182; x_wconf 83' lang='lat' dir='ltr'>et</span> <span class='ocrx_word' id='word_1_114' title='bbox 600 2168 655 2183; x_wconf 85' lang='lat' dir='ltr'>cum</span> <span class='ocrx_word' id='word_1_115' title='bbox 673 2168 713 2183; x_wconf 82' lang='lat' dir='ltr'>ue-</span> 
     </span>
     <span class='ocr_line' id='line_1_28' title="bbox 216 2190 712 2222; baseline 0.006 -9"><span class='ocrx_word' id='word_1_116' title='bbox 216 2190 277 2214; x_wconf 85' lang='lat' dir='ltr'>nerit</span> <span class='ocrx_word' id='word_1_117' title='bbox 290 2191 367 2221; x_wconf 60' lang='lat' dir='ltr'>EPGQ</span> <span class='ocrx_word' id='word_1_118' title='bbox 376 2200 432 2215; x_wconf 76' lang='lat' dir='ltr'>aur.</span> <span class='ocrx_word' id='word_1_119' title='bbox 449 2194 504 2222; x_wconf 77' lang='lat' dir='ltr'>(om.</span> <span class='ocrx_word' id='word_1_120' title='bbox 518 2194 559 2218; x_wconf 65' lang='lat' dir='ltr'>et).</span> <span class='ocrx_word' id='word_1_121' title='bbox 596 2196 697 2219; x_wconf 75' lang='lat' dir='ltr'>putans</span> <span class='ocrx_word' id='word_1_122' title='bbox 708 2201 712 2216; x_wconf 94' lang='lat'>:</span> 
     </span>
     <span class='ocr_line' id='line_1_29' title="bbox 216 2223 713 2255; baseline 0.004 -9"><span class='ocrx_word' id='word_1_123' title='bbox 216 2232 261 2247; x_wconf 77' lang='lat' dir='ltr'>om.</span> <span class='ocrx_word' id='word_1_124' title='bbox 278 2223 384 2250; x_wconf 34' lang='lat' dir='ltr'>Gazam</span> <span class='ocrx_word' id='word_1_125' title='bbox 403 2228 475 2255; x_wconf 82' lang='lat' dir='ltr'>putas</span> <span class='ocrx_word' id='word_1_126' title='bbox 493 2225 523 2254; x_wconf 77' lang='lat' dir='ltr'>Q.</span> <span class='ocrx_word' id='word_1_127' title='bbox 558 2226 642 2248; x_wconf 84' lang='lat' dir='ltr'>fidem</span> <span class='ocrx_word' id='word_1_128' title='bbox 656 2233 673 2249; x_wconf 79' lang='lat'>÷</span> <span class='ocrx_word' id='word_1_129' title='bbox 689 2226 713 2248; x_wconf 87' lang='lat' dir='ltr'>in</span> 
     </span>
     <span class='ocr_line' id='line_1_30' title="bbox 216 2259 375 2280; baseline 0 -1"><span class='ocrx_word' id='word_1_130' title='bbox 216 2259 305 2279; x_wconf 81' lang='lat' dir='ltr'>terram</span> <span class='ocrx_word' id='word_1_131' title='bbox 318 2264 375 2280; x_wconf 72' lang='lat' dir='ltr'>aur.</span> 
     </span>
    </p>

    <p class='ocr_par' dir='ltr' id='par_1_17' title="bbox 215 2289 713 2414">
     <span class='ocr_line' id='line_1_31' title="bbox 249 2289 712 2320; baseline 0.006 -9"><span class='ocrx_word' id='word_1_132' title='bbox 249 2289 345 2313; x_wconf 87' lang='lat' dir='ltr'>LVIII.</span> <span class='ocrx_word' id='word_1_133' title='bbox 367 2293 393 2315; x_wconf 92' lang='lat'>&gt;</span> <span class='ocrx_word' id='word_1_134' title='bbox 404 2290 428 2312; x_wconf 90' lang='lat' dir='ltr'>in</span> <span class='ocrx_word' id='word_1_135' title='bbox 440 2289 535 2320; x_wconf 77' lang='lat' dir='ltr'>templo</span> <span class='ocrx_word' id='word_1_136' title='bbox 547 2298 615 2313; x_wconf 84' lang='lat' dir='ltr'>orare</span> <span class='ocrx_word' id='word_1_137' title='bbox 627 2291 670 2318; x_wconf 69' lang='grc' dir='ltr'>ΞΡς</span> <span class='ocrx_word' id='word_1_138' title='bbox 688 2291 712 2314; x_wconf 83' lang='lat' dir='ltr'>in</span> 
     </span>
     <span class='ocr_line' id='line_1_32' title="bbox 216 2322 712 2354; baseline 0.004 -10"><span class='ocrx_word' id='word_1_139' title='bbox 216 2322 336 2352; x_wconf 85' lang='lat' dir='ltr'>templum</span> <span class='ocrx_word' id='word_1_140' title='bbox 353 2330 421 2345; x_wconf 83' lang='lat' dir='ltr'>orare</span> <span class='ocrx_word' id='word_1_141' title='bbox 436 2322 577 2353; x_wconf 83' lang='lat' dir='ltr'>pharisaeus</span> <span class='ocrx_word' id='word_1_142' title='bbox 592 2327 616 2346; x_wconf 87' lang='lat' dir='ltr'>et</span> <span class='ocrx_word' id='word_1_143' title='bbox 633 2323 712 2354; x_wconf 87' lang='lat' dir='ltr'>publi-</span> 
     </span>
     <span class='ocr_line' id='line_1_33' title="bbox 216 2354 713 2386; baseline 0.004 -9"><span class='ocrx_word' id='word_1_144' title='bbox 216 2362 290 2377; x_wconf 84' lang='lat' dir='ltr'>canus</span> <span class='ocrx_word' id='word_1_145' title='bbox 306 2354 396 2378; x_wconf 78' lang='lat' dir='ltr'>Gaur.</span> <span class='ocrx_word' id='word_1_146' title='bbox 431 2357 479 2378; x_wconf 77' lang='lat' dir='ltr'>ad:</span> <span class='ocrx_word' id='word_1_147' title='bbox 498 2359 521 2378; x_wconf 88' lang='lat' dir='ltr'>et</span> <span class='ocrx_word' id='word_1_148' title='bbox 534 2355 585 2386; x_wconf 77' lang='grc' dir='ltr'>ΞΡΩ</span> <span class='ocrx_word' id='word_1_149' title='bbox 595 2364 651 2379; x_wconf 69' lang='lat' dir='ltr'>aur.</span> <span class='ocrx_word' id='word_1_150' title='bbox 684 2358 713 2379; x_wconf 88' lang='lat' dir='ltr'>di</span> 
     </span>
     <span class='ocr_line' id='line_1_34' title="bbox 215 2388 550 2414; baseline 0.003 -4"><span class='ocrx_word' id='word_1_151' title='bbox 215 2389 289 2410; x_wconf 72' lang='lat' dir='ltr'>sicut</span> <span class='ocrx_word' id='word_1_152' title='bbox 302 2395 371 2414; x_wconf 85' lang='lat' dir='ltr'>puer</span> <span class='ocrx_word' id='word_1_153' title='bbox 383 2396 388 2410; x_wconf 91' lang='lat'>:</span> <span class='ocrx_word' id='word_1_154' title='bbox 406 2388 508 2411; x_wconf 86' lang='lat' dir='ltr'>diuitiae</span> <span class='ocrx_word' id='word_1_155' title='bbox 521 2388 550 2411; x_wconf 91' lang='lat' dir='ltr'>G.</span> 
     </span>
    </p>

    <p class='ocr_par' dir='ltr' id='par_1_18' title="bbox 215 2420 714 2516">
     <span class='ocr_line' id='line_1_35' title="bbox 248 2420 714 2451; baseline 0.004 -9"><span class='ocrx_word' id='word_1_156' title='bbox 248 2420 356 2444; x_wconf 90' lang='lat' dir='ltr'>LVIIII.</span> <span class='ocrx_word' id='word_1_157' title='bbox 370 2421 482 2444; x_wconf 78' lang='lat' dir='ltr'>facilius</span> <span class='ocrx_word' id='word_1_158' title='bbox 491 2428 508 2444; x_wconf 70' lang='lat'>4</span> <span class='ocrx_word' id='word_1_159' title='bbox 517 2424 552 2444; x_wconf 83' lang='lat' dir='ltr'>est</span> <span class='ocrx_word' id='word_1_160' title='bbox 562 2421 646 2451; x_wconf 62' lang='lat' dir='ltr'>EPGQ.</span> <span class='ocrx_word' id='word_1_161' title='bbox 670 2429 714 2451; x_wconf 86' lang='lat' dir='ltr'>per</span> 
     </span>
     <span class='ocr_line' id='line_1_36' title="bbox 215 2452 713 2477; baseline 0.004 -2"><span class='ocrx_word' id='word_1_162' title='bbox 215 2452 336 2476; x_wconf 77' lang='lat' dir='ltr'>foramine</span> <span class='ocrx_word' id='word_1_163' title='bbox 355 2453 385 2476; x_wconf 86' lang='lat' dir='ltr'>G.</span> <span class='ocrx_word' id='word_1_164' title='bbox 420 2455 542 2477; x_wconf 76' lang='lat' dir='ltr'>intrare:</span> <span class='ocrx_word' id='word_1_165' title='bbox 565 2454 664 2477; x_wconf 78' lang='lat' dir='ltr'>transire</span> <span class='ocrx_word' id='word_1_166' title='bbox 684 2454 713 2477; x_wconf 81' lang='grc' dir='ltr'>ΞΡ</span> 
     </span>
     <span class='ocr_line' id='line_1_37' title="bbox 215 2485 329 2516; baseline 0 -8"><span class='ocrx_word' id='word_1_167' title='bbox 215 2485 263 2516; x_wconf 86' lang='lat' dir='ltr'>GQ</span> <span class='ocrx_word' id='word_1_168' title='bbox 273 2493 329 2508; x_wconf 69' lang='grc' dir='ltr'><em>αιιν.</em></span> 
     </span>
    </p>

    <p class='ocr_par' dir='ltr' id='par_1_19' title="bbox 215 2518 713 2672">
     <span class='ocr_line' id='line_1_38' title="bbox 248 2518 713 2549; baseline 0.002 -8"><span class='ocrx_word' id='word_1_169' title='bbox 248 2518 302 2541; x_wconf 84' lang='lat' dir='ltr'>LX.</span> <span class='ocrx_word' id='word_1_170' title='bbox 321 2526 375 2541; x_wconf 83' lang='lat' dir='ltr'>cum</span> <span class='ocrx_word' id='word_1_171' title='bbox 386 2519 543 2549; x_wconf 72' lang='lat' dir='ltr'>praecedente</span> <span class='ocrx_word' id='word_1_172' title='bbox 554 2519 598 2541; x_wconf 75' lang='lat' dir='ltr'>sul&gt;</span> <span class='ocrx_word' id='word_1_173' title='bbox 610 2527 713 2542; x_wconf 69' lang='lat' dir='ltr'>numero</span> 
     </span>
     <span class='ocr_line' id='line_1_39' title="bbox 215 2550 713 2581; baseline 0.004 -8"><span class='ocrx_word' id='word_1_174' title='bbox 215 2550 260 2573; x_wconf 92' lang='lat' dir='ltr'>LV</span> <span class='ocrx_word' id='word_1_175' title='bbox 270 2551 399 2581; x_wconf 67' lang='lat' dir='ltr'>coniungit</span> <span class='ocrx_word' id='word_1_176' title='bbox 409 2552 444 2574; x_wconf 69' lang='grc' dir='ltr'>ΞΡ.</span> <span class='ocrx_word' id='word_1_177' title='bbox 478 2553 618 2578; x_wconf 81' lang='lat' dir='ltr'>passionis</span> <span class='ocrx_word' id='word_1_178' title='bbox 627 2559 643 2575; x_wconf 54' lang='grc' dir='ltr'>ψ</span> <span class='ocrx_word' id='word_1_179' title='bbox 653 2552 713 2575; x_wconf 86' lang='lat' dir='ltr'>dicit</span> 
     </span>
     <span class='ocr_line' id='line_1_40' title="bbox 215 2583 712 2613; baseline 0.004 -7"><span class='ocrx_word' id='word_1_180' title='bbox 215 2583 293 2613; x_wconf 56' lang='lat' dir='ltr'>{PGQ</span> <span class='ocrx_word' id='word_1_181' title='bbox 303 2591 360 2606; x_wconf 69' lang='lat' dir='ltr'>aur.</span> <span class='ocrx_word' id='word_1_182' title='bbox 395 2584 443 2607; x_wconf 69' lang='lat' dir='ltr'>im.</span> <span class='ocrx_word' id='word_1_183' title='bbox 471 2585 516 2607; x_wconf 82' lang='lat' dir='ltr'>LX</span> <span class='ocrx_word' id='word_1_184' title='bbox 542 2588 570 2607; x_wconf 79' lang='lat' dir='ltr'>et</span> <span class='ocrx_word' id='word_1_185' title='bbox 599 2592 712 2608; x_wconf 78' lang='lat' dir='ltr'>caecum</span> 
     </span>
     <span class='ocr_line' id='line_1_41' title="bbox 216 2616 712 2646; baseline 0.002 -7"><span class='ocrx_word' id='word_1_186' title='bbox 216 2616 271 2646; x_wconf 85' lang='lat' dir='ltr'>GQ.</span> <span class='ocrx_word' id='word_1_187' title='bbox 304 2618 470 2640; x_wconf 79' lang='lat' dir='ltr'>inluminat:</span> <span class='ocrx_word' id='word_1_188' title='bbox 497 2625 513 2642; x_wconf 68' lang='grc' dir='ltr'>-ι-</span> <span class='ocrx_word' id='word_1_189' title='bbox 523 2617 559 2640; x_wconf 63' lang='lat' dir='ltr'>ihs</span> <span class='ocrx_word' id='word_1_190' title='bbox 575 2617 597 2641; x_wconf 91' lang='lat' dir='ltr'>G</span> <span class='ocrx_word' id='word_1_191' title='bbox 608 2626 613 2645; x_wconf 87' lang='lat'>;</span> <span class='ocrx_word' id='word_1_192' title='bbox 642 2625 657 2640; x_wconf 52' lang='grc' dir='ltr'>ψ</span> <span class='ocrx_word' id='word_1_193' title='bbox 668 2618 712 2641; x_wconf 65' lang='lat' dir='ltr'>(Ii-is</span> 
     </span>
     <span class='ocr_line' id='line_1_42' title="bbox 215 2657 271 2672; baseline 0.018 -1"><span class='ocrx_word' id='word_1_194' title='bbox 215 2657 271 2672; x_wconf 73' lang='lat' dir='ltr'>aur.</span> 
     </span>
    </p>
   </div>
   <div class='ocr_carea' id='block_1_14' title="bbox 748 327 751 485">
    <p class='ocr_par' dir='ltr' id='par_1_20' title="bbox 748 327 751 485">
     <span class='ocr_line' id='line_1_43' title="bbox 748 327 751 485; baseline 0 2662"><span class='ocrx_word' id='word_1_195' title='bbox 748 327 751 485; x_wconf 95' lang='lat' dir='ltr'> </span> 
     </span>
    </p>
   </div>
   <div class='ocr_carea' id='block_1_15' title="bbox 747 590 750 696">
    <p class='ocr_par' dir='ltr' id='par_1_21' title="bbox 747 590 750 696">
     <span class='ocr_line' id='line_1_44' title="bbox 747 590 750 696; baseline 0 2451"><span class='ocrx_word' id='word_1_196' title='bbox 747 590 750 696; x_wconf 95' lang='lat' dir='ltr'> </span> 
     </span>
    </p>
   </div>
   <div class='ocr_carea' id='block_1_16' title="bbox 745 994 747 1177">
    <p class='ocr_par' dir='ltr' id='par_1_22' title="bbox 745 994 747 1177">
     <span class='ocr_line' id='line_1_45' title="bbox 745 994 747 1177; baseline 0 0"><span class='ocrx_word' id='word_1_197' title='bbox 745 994 747 1177; x_wconf 95' lang='lat' dir='ltr'> </span> 
     </span>
    </p>
   </div>
   <div class='ocr_carea' id='block_1_17' title="bbox 738 1301 750 2660">
    <p class='ocr_par' dir='ltr' id='par_1_23' title="bbox 738 1301 750 2660">
     <span class='ocr_line' id='line_1_46' title="bbox 738 1301 750 2660; baseline 0 0"><span class='ocrx_word' id='word_1_198' title='bbox 738 1301 750 2660; x_wconf 95' lang='lat' dir='ltr'> </span> 
     </span>
    </p>
   </div>
   <div class='ocr_carea' id='block_1_18' title="bbox 805 245 1253 275">
    <p class='ocr_par' dir='ltr' id='par_1_24' title="bbox 805 245 1253 275">
     <span class='ocr_line' id='line_1_47' title="bbox 805 245 1253 275; baseline 0.002 -2"><span class='ocrx_word' id='word_1_199' title='bbox 805 246 888 275; x_wconf 77' lang='lat' dir='ltr'>SEC</span> <span class='ocrx_word' id='word_1_200' title='bbox 895 246 987 274; x_wconf 82' lang='lat' dir='ltr'>UNI)</span> <span class='ocrx_word' id='word_1_201' title='bbox 994 245 1064 273; x_wconf 75' lang='lat' dir='ltr'>HM</span> <span class='ocrx_word' id='word_1_202' title='bbox 1084 247 1109 273; x_wconf 83' lang='lat' dir='ltr'>L</span> <span class='ocrx_word' id='word_1_203' title='bbox 1118 246 1199 275; x_wconf 77' lang='lat' dir='ltr'>HCA</span> <span class='ocrx_word' id='word_1_204' title='bbox 1205 246 1253 274; x_wconf 85' lang='lat' dir='ltr'>M.</span> 
     </span>
    </p>
   </div>
   <div class='ocr_carea' id='block_1_19' title="bbox 776 329 1274 449">
    <p class='ocr_par' dir='ltr' id='par_1_25' title="bbox 776 329 1274 449">
     <span class='ocr_line' id='line_1_48' title="bbox 940 329 1111 360; baseline -0.012 -7"><span class='ocrx_word' id='word_1_205' title='bbox 940 330 957 353; x_wconf 88' lang='lat' dir='ltr'>J</span> <span class='ocrx_word' id='word_1_206' title='bbox 973 329 1111 360; x_wconf 73' lang='lat' dir='ltr'>(capitula).</span> 
     </span>
     <span class='ocr_line' id='line_1_49' title="bbox 776 373 1274 411; baseline 0 -9"><span class='ocrx_word' id='word_1_207' title='bbox 776 373 855 402; x_wconf 92' lang='lat' dir='ltr'>LVI.</span> <span class='ocrx_word' id='word_1_208' title='bbox 878 374 937 402; x_wconf 89' lang='lat' dir='ltr'>Ubi</span> <span class='ocrx_word' id='word_1_209' title='bbox 953 374 1054 402; x_wconf 87' lang='lat' dir='ltr'>decem</span> <span class='ocrx_word' id='word_1_210' title='bbox 1070 374 1175 411; x_wconf 79' lang='lat' dir='ltr'>leprosi</span> <span class='ocrx_word' id='word_1_211' title='bbox 1190 383 1274 402; x_wconf 88' lang='lat' dir='ltr'>mun-</span> 
     </span>
     <span class='ocr_line' id='line_1_50' title="bbox 818 420 968 449; baseline 0 -1"><span class='ocrx_word' id='word_1_212' title='bbox 818 420 876 449; x_wconf 88' lang='lat' dir='ltr'>dati</span> <span class='ocrx_word' id='word_1_213' title='bbox 892 426 968 448; x_wconf 89' lang='lat' dir='ltr'>sunt.</span> 
     </span>
    </p>
   </div>
   <div class='ocr_carea' id='block_1_20' title="bbox 775 659 1274 688">
    <p class='ocr_par' dir='ltr' id='par_1_26' title="bbox 775 659 1274 688">
     <span class='ocr_line' id='line_1_51' title="bbox 775 659 1274 688; baseline 0.002 -1"><span class='ocrx_word' id='word_1_214' title='bbox 775 659 870 688; x_wconf 82' lang='lat' dir='ltr'>LVII.</span> <span class='ocrx_word' id='word_1_215' title='bbox 894 659 939 687; x_wconf 86' lang='lat' dir='ltr'>De</span> <span class='ocrx_word' id='word_1_216' title='bbox 951 660 1077 688; x_wconf 83' lang='lat' dir='ltr'>aduentu</span> <span class='ocrx_word' id='word_1_217' title='bbox 1092 659 1189 688; x_wconf 89' lang='lat' dir='ltr'>christi</span> <span class='ocrx_word' id='word_1_218' title='bbox 1201 661 1274 688; x_wconf 87' lang='lat' dir='ltr'>sicut</span> 
     </span>
    </p>
   </div>
   <div class='ocr_carea' id='block_1_21' title="bbox 815 706 1274 781">
    <p class='ocr_par' dir='ltr' id='par_1_27' title="bbox 815 706 1274 781">
     <span class='ocr_line' id='line_1_52' title="bbox 815 706 1274 743; baseline 0.002 -10"><span class='ocrx_word' id='word_1_219' title='bbox 815 706 908 743; x_wconf 85' lang='lat' dir='ltr'>fulgor</span> <span class='ocrx_word' id='word_1_220' title='bbox 931 711 959 734; x_wconf 87' lang='lat' dir='ltr'>et</span> <span class='ocrx_word' id='word_1_221' title='bbox 986 706 1021 734; x_wconf 92' lang='lat' dir='ltr'>de</span> <span class='ocrx_word' id='word_1_222' title='bbox 1046 706 1146 735; x_wconf 87' lang='lat' dir='ltr'>diebus</span> <span class='ocrx_word' id='word_1_223' title='bbox 1169 716 1224 735; x_wconf 91' lang='lat' dir='ltr'>noe</span> <span class='ocrx_word' id='word_1_224' title='bbox 1246 712 1274 736; x_wconf 85' lang='lat' dir='ltr'>et</span> 
     </span>
     <span class='ocr_line' id='line_1_53' title="bbox 815 753 883 781; baseline 0 -1"><span class='ocrx_word' id='word_1_225' title='bbox 815 753 883 781; x_wconf 83' lang='lat' dir='ltr'>loth.</span> 
     </span>
    </p>
   </div>
   <div class='ocr_carea' id='block_1_22' title="bbox 773 991 1273 1172">
    <p class='ocr_par' dir='ltr' id='par_1_28' title="bbox 773 991 1273 1172">
     <span class='ocr_line' id='line_1_54' title="bbox 773 991 1273 1032; baseline 0.006 -13"><span class='ocrx_word' id='word_1_226' title='bbox 773 991 882 1021; x_wconf 91' lang='lat' dir='ltr'>LVIII.</span> <span class='ocrx_word' id='word_1_227' title='bbox 915 993 961 1021; x_wconf 91' lang='lat' dir='ltr'>De</span> <span class='ocrx_word' id='word_1_228' title='bbox 990 994 1084 1022; x_wconf 85' lang='lat' dir='ltr'>iudice</span> <span class='ocrx_word' id='word_1_229' title='bbox 1111 994 1159 1032; x_wconf 89' lang='lat' dir='ltr'>qui</span> <span class='ocrx_word' id='word_1_230' title='bbox 1187 994 1273 1022; x_wconf 88' lang='lat' dir='ltr'>deum</span> 
     </span>
     <span class='ocr_line' id='line_1_55' title="bbox 814 1040 1273 1069; baseline 0.007 -3"><span class='ocrx_word' id='word_1_231' title='bbox 814 1049 874 1067; x_wconf 91' lang='lat' dir='ltr'>non</span> <span class='ocrx_word' id='word_1_232' title='bbox 890 1040 1009 1068; x_wconf 82' lang='lat' dir='ltr'>timebat</span> <span class='ocrx_word' id='word_1_233' title='bbox 1030 1046 1057 1069; x_wconf 90' lang='lat' dir='ltr'>et</span> <span class='ocrx_word' id='word_1_234' title='bbox 1077 1041 1165 1069; x_wconf 84' lang='lat' dir='ltr'>uidua</span> <span class='ocrx_word' id='word_1_235' title='bbox 1188 1047 1215 1069; x_wconf 86' lang='lat' dir='ltr'>et</span> <span class='ocrx_word' id='word_1_236' title='bbox 1238 1041 1273 1069; x_wconf 85' lang='lat' dir='ltr'>de</span> 
     </span>
     <span class='ocr_line' id='line_1_56' title="bbox 813 1087 1273 1125; baseline 0.004 -11"><span class='ocrx_word' id='word_1_237' title='bbox 813 1087 927 1115; x_wconf 90' lang='lat' dir='ltr'>duobus</span> <span class='ocrx_word' id='word_1_238' title='bbox 953 1087 1120 1116; x_wconf 85' lang='lat' dir='ltr'>hominibus</span> <span class='ocrx_word' id='word_1_239' title='bbox 1150 1088 1198 1125; x_wconf 89' lang='lat' dir='ltr'>qui</span> <span class='ocrx_word' id='word_1_240' title='bbox 1229 1098 1273 1116; x_wconf 84' lang='lat' dir='ltr'>as-</span> 
     </span>
     <span class='ocr_line' id='line_1_57' title="bbox 813 1134 1272 1172; baseline 0.004 -11"><span class='ocrx_word' id='word_1_241' title='bbox 813 1134 971 1163; x_wconf 82' lang='lat' dir='ltr'>cenderunt</span> <span class='ocrx_word' id='word_1_242' title='bbox 986 1136 1014 1163; x_wconf 89' lang='lat' dir='ltr'>in</span> <span class='ocrx_word' id='word_1_243' title='bbox 1028 1135 1169 1172; x_wconf 82' lang='lat' dir='ltr'>ternplum</span> <span class='ocrx_word' id='word_1_244' title='bbox 1182 1145 1272 1164; x_wconf 84' lang='lat' dir='ltr'>orare.</span> 
     </span>
    </p>
   </div>
   <div class='ocr_carea' id='block_1_23' title="bbox 772 1314 1300 1358">
    <p class='ocr_par' dir='ltr' id='par_1_29' title="bbox 772 1314 1300 1358">
     <span class='ocr_line' id='line_1_58' title="bbox 772 1314 1300 1358; baseline 0.009 -12"><span class='ocrx_word' id='word_1_245' title='bbox 772 1319 896 1348; x_wconf 92' lang='lat' dir='ltr'>LVIIII.</span> <span class='ocrx_word' id='word_1_246' title='bbox 917 1320 962 1348; x_wconf 85' lang='lat' dir='ltr'>De</span> <span class='ocrx_word' id='word_1_247' title='bbox 979 1321 1074 1357; x_wconf 91' lang='lat' dir='ltr'>pueris</span> <span class='ocrx_word' id='word_1_248' title='bbox 1090 1322 1196 1358; x_wconf 89' lang='lat' dir='ltr'>quibus</span> <span class='ocrx_word' id='word_1_249' title='bbox 1209 1332 1271 1350; x_wconf 82' lang='lat' dir='ltr'>ma·</span> <span class='ocrx_word' id='word_1_250' title='bbox 1299 1314 1300 1325; x_wconf 44' lang='lat'>¹</span> 
     </span>
    </p>
   </div>
   <div class='ocr_carea' id='block_1_24' title="bbox 812 1368 1271 1499">
    <p class='ocr_par' dir='ltr' id='par_1_30' title="bbox 812 1368 1271 1499">
     <span class='ocr_line' id='line_1_59' title="bbox 812 1368 1271 1404; baseline 0.009 -10"><span class='ocrx_word' id='word_1_251' title='bbox 812 1376 865 1395; x_wconf 90' lang='lat' dir='ltr'>nus</span> <span class='ocrx_word' id='word_1_252' title='bbox 886 1368 1046 1404; x_wconf 76' lang='lat' dir='ltr'>imponebat</span> <span class='ocrx_word' id='word_1_253' title='bbox 1061 1373 1089 1396; x_wconf 86' lang='lat' dir='ltr'>et</span> <span class='ocrx_word' id='word_1_254' title='bbox 1105 1368 1140 1397; x_wconf 85' lang='lat' dir='ltr'>de</span> <span class='ocrx_word' id='word_1_255' title='bbox 1158 1369 1271 1398; x_wconf 80' lang='lat' dir='ltr'>adoles—</span> 
     </span>
     <span class='ocr_line' id='line_1_60' title="bbox 813 1415 1271 1454; baseline 0.007 -12"><span class='ocrx_word' id='word_1_256' title='bbox 813 1420 896 1443; x_wconf 84' lang='lat' dir='ltr'>cente</span> <span class='ocrx_word' id='word_1_257' title='bbox 922 1415 1010 1443; x_wconf 86' lang='lat' dir='ltr'>diuite</span> <span class='ocrx_word' id='word_1_258' title='bbox 1039 1421 1067 1444; x_wconf 88' lang='lat' dir='ltr'>et</span> <span class='ocrx_word' id='word_1_259' title='bbox 1097 1416 1132 1444; x_wconf 89' lang='lat' dir='ltr'>de</span> <span class='ocrx_word' id='word_1_260' title='bbox 1162 1426 1196 1445; x_wconf 86' lang='lat' dir='ltr'>eo</span> <span class='ocrx_word' id='word_1_261' title='bbox 1223 1418 1271 1454; x_wconf 83' lang='lat' dir='ltr'>qui</span> 
     </span>
     <span class='ocr_line' id='line_1_61' title="bbox 812 1462 1066 1499; baseline 0.004 -10"><span class='ocrx_word' id='word_1_262' title='bbox 812 1462 944 1499; x_wconf 83' lang='lat' dir='ltr'>relinquit</span> <span class='ocrx_word' id='word_1_263' title='bbox 958 1463 1066 1491; x_wconf 85' lang='lat' dir='ltr'>omnia.</span> 
     </span>
    </p>
   </div>
   <div class='ocr_carea' id='block_1_25' title="bbox 771 1702 1299 1742">
    <p class='ocr_par' dir='ltr' id='par_1_31' title="bbox 771 1702 1299 1742">
     <span class='ocr_line' id='line_1_62' title="bbox 771 1702 1299 1742; baseline 0.006 -12"><span class='ocrx_word' id='word_1_264' title='bbox 771 1702 834 1730; x_wconf 90' lang='lat' dir='ltr'>LX.</span> <span class='ocrx_word' id='word_1_265' title='bbox 869 1702 926 1731; x_wconf 91' lang='lat' dir='ltr'>Ubi</span> <span class='ocrx_word' id='word_1_266' title='bbox 956 1703 1102 1741; x_wconf 85' lang='lat' dir='ltr'>discipulis</span> <span class='ocrx_word' id='word_1_267' title='bbox 1133 1705 1271 1742; x_wconf 83' lang='lat' dir='ltr'>praedicit</span> <span class='ocrx_word' id='word_1_268' title='bbox 1298 1719 1299 1727; x_wconf 38' lang='grc' dir='ltr'>π</span> 
     </span>
    </p>
   </div>
   <div class='ocr_carea' id='block_1_26' title="bbox 812 1750 1270 1827">
    <p class='ocr_par' dir='ltr' id='par_1_32' title="bbox 812 1750 1270 1827">
     <span class='ocr_line' id='line_1_63' title="bbox 812 1750 1270 1787; baseline 0.007 -10"><span class='ocrx_word' id='word_1_269' title='bbox 812 1750 979 1787; x_wconf 85' lang='lat' dir='ltr'>passionem</span> <span class='ocrx_word' id='word_1_270' title='bbox 997 1760 1078 1779; x_wconf 89' lang='lat' dir='ltr'>suam</span> <span class='ocrx_word' id='word_1_271' title='bbox 1094 1756 1121 1779; x_wconf 87' lang='lat' dir='ltr'>et</span> <span class='ocrx_word' id='word_1_272' title='bbox 1134 1751 1169 1780; x_wconf 83' lang='lat' dir='ltr'>de</span> <span class='ocrx_word' id='word_1_273' title='bbox 1182 1761 1270 1780; x_wconf 85' lang='lat' dir='ltr'>caeco</span> 
     </span>
     <span class='ocr_line' id='line_1_64' title="bbox 812 1797 1184 1827; baseline 0.008 -3"><span class='ocrx_word' id='word_1_274' title='bbox 812 1797 984 1825; x_wconf 79' lang='lat' dir='ltr'>inluminato</span> <span class='ocrx_word' id='word_1_275' title='bbox 1000 1799 1029 1826; x_wconf 90' lang='lat' dir='ltr'>in</span> <span class='ocrx_word' id='word_1_276' title='bbox 1046 1798 1184 1827; x_wconf 86' lang='lat' dir='ltr'>hiericho.</span> 
     </span>
    </p>
   </div>
   <div class='ocr_carea' id='block_1_27' title="bbox 1764 257 1824 288">
    <p class='ocr_par' dir='ltr' id='par_1_33' title="bbox 1764 257 1824 288">
     <span class='ocr_line' id='line_1_65' title="bbox 1764 257 1824 288; baseline 0 0"><span class='ocrx_word' id='word_1_277' title='bbox 1764 257 1824 288; x_wconf 72' lang='lat'>299</span> 
     </span>
    </p>
   </div>
   <div class='ocr_carea' id='block_1_28' title="bbox 1390 328 1764 360">
    <p class='ocr_par' dir='ltr' id='par_1_34' title="bbox 1390 328 1764 360">
     <span class='ocr_line' id='line_1_66' title="bbox 1390 328 1764 360; baseline 0.008 -9"><span class='ocrx_word' id='word_1_278' title='bbox 1390 328 1413 351; x_wconf 84' lang='lat' dir='ltr'><strong>K</strong></span> <span class='ocrx_word' id='word_1_279' title='bbox 1422 329 1498 352; x_wconf 77' lang='lat' dir='ltr'>Harl.</span> <span class='ocrx_word' id='word_1_280' title='bbox 1513 335 1576 360; x_wconf 82' lang='lat'><strong>2790</strong></span> <span class='ocrx_word' id='word_1_281' title='bbox 1585 331 1666 353; x_wconf 74' lang='lat' dir='ltr'>JVans.</span> <span class='ocrx_word' id='word_1_282' title='bbox 1677 331 1764 354; x_wconf 80' lang='lat' dir='ltr'>Bamh.</span> 
     </span>
    </p>
   </div>
   <div class='ocr_carea' id='block_1_29' title="bbox 1330 373 1825 448">
    <p class='ocr_par' dir='ltr' id='par_1_35' title="bbox 1330 373 1825 448">
     <span class='ocr_line' id='line_1_67' title="bbox 1330 373 1825 412; baseline 0.008 -11"><span class='ocrx_word' id='word_1_283' title='bbox 1330 373 1409 401; x_wconf 87' lang='lat' dir='ltr'>LIII.</span> <span class='ocrx_word' id='word_1_284' title='bbox 1433 373 1478 402; x_wconf 89' lang='lat' dir='ltr'>De</span> <span class='ocrx_word' id='word_1_285' title='bbox 1493 375 1596 403; x_wconf 88' lang='lat' dir='ltr'>decem</span> <span class='ocrx_word' id='word_1_286' title='bbox 1612 375 1729 412; x_wconf 85' lang='lat' dir='ltr'>leprosis</span> <span class='ocrx_word' id='word_1_287' title='bbox 1741 386 1825 405; x_wconf 87' lang='lat' dir='ltr'>mun-</span> 
     </span>
     <span class='ocr_line' id='line_1_68' title="bbox 1370 420 1451 448; baseline 0.012 -1"><span class='ocrx_word' id='word_1_288' title='bbox 1370 420 1451 448; x_wconf 84' lang='lat' dir='ltr'>datis.</span> 
     </span>
    </p>
   </div>
   <div class='ocr_carea' id='block_1_30' title="bbox 1301 337 1303 440">
    <p class='ocr_par' dir='ltr' id='par_1_36' title="bbox 1301 337 1303 440">
     <span class='ocr_line' id='line_1_69' title="bbox 1301 337 1303 440; baseline 0 0"><span class='ocrx_word' id='word_1_289' title='bbox 1301 337 1303 440; x_wconf 95' lang='lat' dir='ltr'> </span> 
     </span>
    </p>
   </div>
   <div class='ocr_carea' id='block_1_31' title="bbox 1329 657 1825 734">
    <p class='ocr_par' dir='ltr' id='par_1_37' title="bbox 1329 657 1825 734">
     <span class='ocr_line' id='line_1_70' title="bbox 1329 657 1825 696; baseline 0.006 -11"><span class='ocrx_word' id='word_1_290' title='bbox 1329 657 1426 686; x_wconf 87' lang='lat' dir='ltr'>LIIII.</span> <span class='ocrx_word' id='word_1_291' title='bbox 1450 657 1494 686; x_wconf 85' lang='lat' dir='ltr'>De</span> <span class='ocrx_word' id='word_1_292' title='bbox 1513 668 1605 696; x_wconf 80' lang='lat' dir='ltr'>regn-o</span> <span class='ocrx_word' id='word_1_293' title='bbox 1625 659 1653 687; x_wconf 78' lang='lat' dir='ltr'>di</span> <span class='ocrx_word' id='word_1_294' title='bbox 1670 660 1749 696; x_wconf 85' lang='lat' dir='ltr'>quod</span> <span class='ocrx_word' id='word_1_295' title='bbox 1766 670 1825 688; x_wconf 89' lang='lat' dir='ltr'>non</span> 
     </span>
     <span class='ocr_line' id='line_1_71' title="bbox 1369 705 1805 734; baseline 0.007 -3"><span class='ocrx_word' id='word_1_296' title='bbox 1369 705 1466 733; x_wconf 81' lang='lat' dir='ltr'>ueniat</span> <span class='ocrx_word' id='word_1_297' title='bbox 1482 714 1548 733; x_wconf 83' lang='lat' dir='ltr'>cum</span> <span class='ocrx_word' id='word_1_298' title='bbox 1564 706 1805 734; x_wconf 85' lang='lat' dir='ltr'>obseruationem.</span> 
     </span>
    </p>
   </div>
   <div class='ocr_carea' id='block_1_32' title="bbox 1301 591 1303 776">
    <p class='ocr_par' dir='ltr' id='par_1_38' title="bbox 1301 591 1303 776">
     <span class='ocr_line' id='line_1_72' title="bbox 1301 591 1303 776; baseline 0 0"><span class='ocrx_word' id='word_1_299' title='bbox 1301 591 1303 776; x_wconf 95' lang='lat' dir='ltr'> </span> 
     </span>
    </p>
   </div>
   <div class='ocr_carea' id='block_1_33' title="bbox 1329 999 1827 1076">
    <p class='ocr_par' dir='ltr' id='par_1_39' title="bbox 1329 999 1827 1076">
     <span class='ocr_line' id='line_1_73' title="bbox 1329 999 1827 1039; baseline 0.006 -12"><span class='ocrx_word' id='word_1_300' title='bbox 1329 999 1391 1028; x_wconf 92' lang='lat' dir='ltr'>LV.</span> <span class='ocrx_word' id='word_1_301' title='bbox 1424 1000 1468 1029; x_wconf 91' lang='lat' dir='ltr'>De</span> <span class='ocrx_word' id='word_1_302' title='bbox 1497 1001 1591 1030; x_wconf 85' lang='lat' dir='ltr'>iudice</span> <span class='ocrx_word' id='word_1_303' title='bbox 1616 1001 1772 1039; x_wconf 78' lang='lat' dir='ltr'>iniquitatis</span> <span class='ocrx_word' id='word_1_304' title='bbox 1799 1006 1827 1030; x_wconf 86' lang='lat' dir='ltr'>et</span> 
     </span>
     <span class='ocr_line' id='line_1_74' title="bbox 1369 1047 1483 1076; baseline 0.009 -2"><span class='ocrx_word' id='word_1_305' title='bbox 1369 1047 1483 1076; x_wconf 86' lang='lat' dir='ltr'>uiduae.</span> 
     </span>
    </p>
   </div>
   <div class='ocr_carea' id='block_1_34' title="bbox 1300 988 1303 1190">
    <p class='ocr_par' dir='ltr' id='par_1_40' title="bbox 1300 988 1303 1190">
     <span class='ocr_line' id='line_1_75' title="bbox 1300 988 1303 1190; baseline 0 1957"><span class='ocrx_word' id='word_1_306' title='bbox 1300 988 1303 1190; x_wconf 95' lang='lat' dir='ltr'> </span> 
     </span>
    </p>
   </div>
   <div class='ocr_carea' id='block_1_35' title="bbox 1327 1140 1827 1216">
    <p class='ocr_par' dir='ltr' id='par_1_41' title="bbox 1327 1140 1827 1216">
     <span class='ocr_line' id='line_1_76' title="bbox 1327 1140 1827 1180; baseline 0.004 -12"><span class='ocrx_word' id='word_1_307' title='bbox 1327 1140 1406 1169; x_wconf 87' lang='lat' dir='ltr'>LVI.</span> <span class='ocrx_word' id='word_1_308' title='bbox 1428 1141 1475 1170; x_wconf 87' lang='lat' dir='ltr'>De</span> <span class='ocrx_word' id='word_1_309' title='bbox 1500 1142 1653 1179; x_wconf 80' lang='lat' dir='ltr'>pharisaeo</span> <span class='ocrx_word' id='word_1_310' title='bbox 1681 1148 1709 1171; x_wconf 87' lang='lat' dir='ltr'>et</span> <span class='ocrx_word' id='word_1_311' title='bbox 1734 1142 1827 1180; x_wconf 89' lang='lat' dir='ltr'>publi-</span> 
     </span>
     <span class='ocr_line' id='line_1_77' title="bbox 1368 1197 1452 1216; baseline 0 0"><span class='ocrx_word' id='word_1_312' title='bbox 1368 1197 1452 1216; x_wconf 85' lang='lat' dir='ltr'>cano.</span> 
     </span>
    </p>
   </div>
   <div class='ocr_carea' id='block_1_36' title="bbox 1298 1333 1300 1441">
    <p class='ocr_par' dir='ltr' id='par_1_42' title="bbox 1298 1333 1300 1441">
     <span class='ocr_line' id='line_1_78' title="bbox 1298 1333 1300 1441; baseline 0 1706"><span class='ocrx_word' id='word_1_313' title='bbox 1298 1333 1300 1441; x_wconf 95' lang='lat' dir='ltr'> </span> 
     </span>
    </p>
   </div>
   <div class='ocr_carea' id='block_1_37' title="bbox 1328 1565 1825 1603">
    <p class='ocr_par' dir='ltr' id='par_1_43' title="bbox 1328 1565 1825 1603">
     <span class='ocr_line' id='line_1_79' title="bbox 1328 1565 1825 1603; baseline 0.008 -11"><span class='ocrx_word' id='word_1_314' title='bbox 1328 1565 1420 1593; x_wconf 84' lang='lat' dir='ltr'>LVII.</span> <span class='ocrx_word' id='word_1_315' title='bbox 1444 1565 1488 1594; x_wconf 90' lang='lat' dir='ltr'>De</span> <span class='ocrx_word' id='word_1_316' title='bbox 1499 1567 1629 1603; x_wconf 80' lang='lat' dir='ltr'>pecuniis</span> <span class='ocrx_word' id='word_1_317' title='bbox 1641 1567 1825 1596; x_wconf 82' lang='lat' dir='ltr'>habentibus.</span> 
     </span>
    </p>
   </div>
   <div class='ocr_carea' id='block_1_38' title="bbox 1297 1706 1825 1790">
    <p class='ocr_par' dir='ltr' id='par_1_44' title="bbox 1297 1706 1825 1790">
     <span class='ocr_line' id='line_1_80' title="bbox 1326 1706 1825 1737; baseline 0.006 -3"><span class='ocrx_word' id='word_1_318' title='bbox 1326 1706 1435 1734; x_wconf 90' lang='lat' dir='ltr'>LVIII.</span> <span class='ocrx_word' id='word_1_319' title='bbox 1459 1706 1504 1734; x_wconf 87' lang='lat' dir='ltr'>De</span> <span class='ocrx_word' id='word_1_320' title='bbox 1519 1712 1642 1735; x_wconf 81' lang='lat' dir='ltr'>uentura</span> <span class='ocrx_word' id='word_1_321' title='bbox 1657 1708 1710 1735; x_wconf 90' lang='lat' dir='ltr'>sibi</span> <span class='ocrx_word' id='word_1_322' title='bbox 1727 1709 1825 1737; x_wconf 84' lang='lat' dir='ltr'>omnia</span> 
     </span>
     <span class='ocr_line' id='line_1_81' title="bbox 1297 1753 1740 1790; baseline 0.007 -10"><span class='ocrx_word' id='word_1_323' title='bbox 1297 1754 1298 1779; x_wconf 76' lang='lat' dir='ltr'>l</span> <span class='ocrx_word' id='word_1_324' title='bbox 1366 1754 1420 1781; x_wconf 67' lang='lat' dir='ltr'>dns</span> <span class='ocrx_word' id='word_1_325' title='bbox 1436 1753 1582 1790; x_wconf 89' lang='lat' dir='ltr'>discipulis</span> <span class='ocrx_word' id='word_1_326' title='bbox 1598 1755 1740 1783; x_wconf 85' lang='lat' dir='ltr'>antedicit.</span> 
     </span>
    </p>
   </div>
   <div class='ocr_carea' id='block_1_39' title="bbox 1325 1800 1824 1831">
    <p class='ocr_par' dir='ltr' id='par_1_45' title="bbox 1325 1800 1824 1831">
     <span class='ocr_line' id='line_1_82' title="bbox 1325 1800 1824 1831; baseline 0.008 -4"><span class='ocrx_word' id='word_1_327' title='bbox 1325 1800 1451 1829; x_wconf 92' lang='lat' dir='ltr'>LVIIII.</span> <span class='ocrx_word' id='word_1_328' title='bbox 1483 1800 1530 1828; x_wconf 81' lang='lat' dir='ltr'>De</span> <span class='ocrx_word' id='word_1_329' title='bbox 1564 1810 1652 1830; x_wconf 82' lang='lat' dir='ltr'>caeco</span> <span class='ocrx_word' id='word_1_330' title='bbox 1689 1802 1734 1830; x_wconf 88' lang='lat' dir='ltr'>cui</span> <span class='ocrx_word' id='word_1_331' title='bbox 1770 1803 1824 1831; x_wconf 79' lang='lat' dir='ltr'>dfis</span> 
     </span>
    </p>
   </div>
   <div class='ocr_carea' id='block_1_40' title="bbox 1296 1847 1727 1888">
    <p class='ocr_par' dir='ltr' id='par_1_46' title="bbox 1296 1847 1727 1888">
     <span class='ocr_line' id='line_1_83' title="bbox 1296 1847 1727 1888; baseline 0.007 -13"><span class='ocrx_word' id='word_1_332' title='bbox 1296 1875 1298 1888; x_wconf 47' lang='lat'>1</span> <span class='ocrx_word' id='word_1_333' title='bbox 1365 1847 1493 1876; x_wconf 88' lang='lat' dir='ltr'>hiericho</span> <span class='ocrx_word' id='word_1_334' title='bbox 1511 1849 1607 1876; x_wconf 79' lang='lat' dir='ltr'>tribuit</span> <span class='ocrx_word' id='word_1_335' title='bbox 1624 1850 1727 1878; x_wconf 88' lang='lat' dir='ltr'>uisum.</span> 
     </span>
    </p>
   </div>
   <div class='ocr_carea' id='block_1_41' title="bbox 1295 1913 1650 1965">
    <p class='ocr_par' dir='ltr' id='par_1_47' title="bbox 1295 1913 1650 1965">
     <span class='ocr_line' id='line_1_84' title="bbox 1295 1913 1650 1965; baseline 0 -8"><span class='ocrx_word' id='word_1_336' title='bbox 1295 1913 1297 1957; x_wconf 70' lang='lat' dir='ltr'>l</span> <span class='ocrx_word' id='word_1_337' title='bbox 1356 1935 1452 1958; x_wconf 91' lang='lat' dir='ltr'>LVIII.</span> <span class='ocrx_word' id='word_1_338' title='bbox 1470 1934 1605 1965; x_wconf 83' lang='lat' dir='ltr'>discipulus</span> <span class='ocrx_word' id='word_1_339' title='bbox 1619 1934 1650 1957; x_wconf 88' lang='lat' dir='ltr'>K.</span> 
     </span>
    </p>
   </div>
  </div>
 </body>
</html>
