<?xml version="1.0" encoding="UTF-8"?>
<!DOCTYPE html PUBLIC "-//W3C//DTD XHTML 1.0 Transitional//EN"
    "http://www.w3.org/TR/xhtml1/DTD/xhtml1-transitional.dtd">
<html xmlns="http://www.w3.org/1999/xhtml" xml:lang="en" lang="en">
 <head>
  <title>
</title>
<meta http-equiv="Content-Type" content="text/html;charset=utf-8" />
  <meta name='ocr-system' content='tesseract 3.04.00' />
  <meta name='ocr-capabilities' content='ocr_page ocr_carea ocr_par ocr_line ocrx_word'/>
</head>
<body>
  <div class='ocr_page' id='page_1' title='image "./quattuoreuangeli00jero_0017.png"; bbox 0 0 2258 3157; ppageno 0'>
   <div class='ocr_carea' id='block_1_1' title="bbox 313 213 1795 247">
    <p class='ocr_par' dir='ltr' id='par_1_1' title="bbox 313 213 1795 247">
     <span class='ocr_line' id='line_1_1' title="bbox 313 213 1795 247; baseline -0.002 -1"><span class='ocrx_word' id='word_1_1' title='bbox 313 217 592 247; x_wconf 70' lang='lat' dir='ltr'><em>PRAEFATIO.</em></span> <span class='ocrx_word' id='word_1_2' title='bbox 640 216 738 246; x_wconf 79' lang='lat' dir='ltr'>CAP.</span> <span class='ocrx_word' id='word_1_3' title='bbox 764 216 834 245; x_wconf 88' lang='lat' dir='ltr'>III.</span> <span class='ocrx_word' id='word_1_4' title='bbox 883 216 1100 246; x_wconf 81' lang='lat' dir='ltr'><em>CODJCUM</em></span> <span class='ocrx_word' id='word_1_5' title='bbox 1119 215 1412 245; x_wconf 77' lang='lat' dir='ltr'><em>NOSTRORIJM</em></span> <span class='ocrx_word' id='word_1_6' title='bbox 1432 213 1691 244; x_wconf 83' lang='lat' dir='ltr'>ELENCHUS.</span> <span class='ocrx_word' id='word_1_7' title='bbox 1758 214 1795 243; x_wconf 87' lang='lat' dir='ltr'>xi</span> 
     </span>
    </p>
   </div>
   <div class='ocr_carea' id='block_1_2' title="bbox 291 298 1797 445">
    <p class='ocr_par' dir='ltr' id='par_1_2' title="bbox 291 298 1797 445">
     <span class='ocr_line' id='line_1_2' title="bbox 291 298 1796 341; baseline -0.003 -8"><span class='ocrx_word' id='word_1_8' title='bbox 291 303 359 333; x_wconf 86' lang='lat' dir='ltr'>siae</span> <span class='ocrx_word' id='word_1_9' title='bbox 377 312 483 333; x_wconf 81' lang='lat' dir='ltr'>nouae</span> <span class='ocrx_word' id='word_1_10' title='bbox 499 301 723 338; x_wconf 80' lang='lat' dir='ltr'>dedicationis,</span> <span class='ocrx_word' id='word_1_11' title='bbox 739 311 837 341; x_wconf 84' lang='lat' dir='ltr'>quem</span> <span class='ocrx_word' id='word_1_12' title='bbox 854 301 999 340; x_wconf 86' lang='lat' dir='ltr'>exempli</span> <span class='ocrx_word' id='word_1_13' title='bbox 1015 301 1121 340; x_wconf 74' lang='lat' dir='ltr'>gratia</span> <span class='ocrx_word' id='word_1_14' title='bbox 1137 311 1181 331; x_wconf 86' lang='lat' dir='ltr'>ex</span> <span class='ocrx_word' id='word_1_15' title='bbox 1198 300 1365 331; x_wconf 83' lang='lat' dir='ltr'>codicibus</span> <span class='ocrx_word' id='word_1_16' title='bbox 1382 300 1482 330; x_wconf 89' lang='lat' dir='ltr'>medii</span> <span class='ocrx_word' id='word_1_17' title='bbox 1506 299 1579 330; x_wconf 88' lang='lat' dir='ltr'>aeui</span> <span class='ocrx_word' id='word_1_18' title='bbox 1603 298 1796 338; x_wconf 85' lang='lat' dir='ltr'>delegimus.</span> 
     </span>
     <span class='ocr_line' id='line_1_3' title="bbox 294 350 1797 392; baseline -0.003 -8"><span class='ocrx_word' id='word_1_19' title='bbox 294 354 361 385; x_wconf 89' lang='lat' dir='ltr'>Sed</span> <span class='ocrx_word' id='word_1_20' title='bbox 378 358 490 384; x_wconf 85' lang='lat' dir='ltr'>textus</span> <span class='ocrx_word' id='word_1_21' title='bbox 507 353 646 384; x_wconf 87' lang='lat' dir='ltr'>formam</span> <span class='ocrx_word' id='word_1_22' title='bbox 661 363 727 383; x_wconf 91' lang='lat' dir='ltr'>non</span> <span class='ocrx_word' id='word_1_23' title='bbox 743 353 827 383; x_wconf 82' lang='lat' dir='ltr'>adeo</span> <span class='ocrx_word' id='word_1_24' title='bbox 847 353 1060 392; x_wconf 84' lang='lat' dir='ltr'>deprauatarn</span> <span class='ocrx_word' id='word_1_25' title='bbox 1078 352 1214 383; x_wconf 78' lang='lat' dir='ltr'>exhibet</span> <span class='ocrx_word' id='word_1_26' title='bbox 1236 357 1267 382; x_wconf 92' lang='lat' dir='ltr'>et</span> <span class='ocrx_word' id='word_1_27' title='bbox 1285 352 1449 383; x_wconf 89' lang='lat' dir='ltr'>interdum</span> <span class='ocrx_word' id='word_1_28' title='bbox 1467 351 1624 382; x_wconf 87' lang='lat' dir='ltr'>lectiones</span> <span class='ocrx_word' id='word_1_29' title='bbox 1641 350 1743 381; x_wconf 89' lang='lat' dir='ltr'>bonas</span> <span class='ocrx_word' id='word_1_30' title='bbox 1764 355 1797 380; x_wconf 91' lang='lat' dir='ltr'>et</span> 
     </span>
     <span class='ocr_line' id='line_1_4' title="bbox 293 404 643 445; baseline 0 -10"><span class='ocrx_word' id='word_1_31' title='bbox 293 405 472 445; x_wconf 83' lang='lat' dir='ltr'>singulares</span> <span class='ocrx_word' id='word_1_32' title='bbox 489 404 643 435; x_wconf 89' lang='lat' dir='ltr'>ostendit.</span> 
     </span>
    </p>
   </div>
   <div class='ocr_carea' id='block_1_3' title="bbox 296 461 1806 2664">
    <p class='ocr_par' dir='ltr' id='par_1_3' title="bbox 296 461 1800 1072">
     <span class='ocr_line' id='line_1_5' title="bbox 296 461 1798 496; baseline -0.003 -1"><span class='ocrx_word' id='word_1_33' title='bbox 296 474 322 495; x_wconf 90' lang='lat'>1.</span> <span class='ocrx_word' id='word_1_34' title='bbox 346 465 390 496; x_wconf 89' lang='lat' dir='ltr'>A.</span> <span class='ocrx_word' id='word_1_35' title='bbox 416 464 534 495; x_wconf 87' lang='lat' dir='ltr'>Codex</span> <span class='ocrx_word' id='word_1_36' title='bbox 551 463 935 494; x_wconf 77' lang='lat' dir='ltr'>BibliorumAmiatinus</span> <span class='ocrx_word' id='word_1_37' title='bbox 947 474 1031 494; x_wconf 81' lang='lat' dir='ltr'>saeC.</span> <span class='ocrx_word' id='word_1_38' title='bbox 1044 464 1112 494; x_wconf 92' lang='lat' dir='ltr'>VII</span> <span class='ocrx_word' id='word_1_39' title='bbox 1125 468 1268 494; x_wconf 86' lang='lat' dir='ltr'>exeunte</span> <span class='ocrx_word' id='word_1_40' title='bbox 1285 463 1336 493; x_wconf 91' lang='lat' dir='ltr'>uel</span> <span class='ocrx_word' id='word_1_41' title='bbox 1346 462 1434 493; x_wconf 88' lang='lat' dir='ltr'>VIII</span> <span class='ocrx_word' id='word_1_42' title='bbox 1447 463 1579 492; x_wconf 89' lang='lat' dir='ltr'>ineunte</span> <span class='ocrx_word' id='word_1_43' title='bbox 1592 462 1624 491; x_wconf 95' lang='lat' dir='ltr'>in</span> <span class='ocrx_word' id='word_1_44' title='bbox 1636 461 1798 492; x_wconf 87' lang='lat' dir='ltr'>coenobio</span> 
     </span>
     <span class='ocr_line' id='line_1_6' title="bbox 381 514 1798 554; baseline -0.002 -8"><span class='ocrx_word' id='word_1_45' title='bbox 381 515 639 546; x_wconf 88' lang='lat' dir='ltr'>Wiremuthensi</span> <span class='ocrx_word' id='word_1_46' title='bbox 656 516 707 546; x_wconf 88' lang='lat' dir='ltr'>uel</span> <span class='ocrx_word' id='word_1_47' title='bbox 727 515 886 552; x_wconf 86' lang='lat' dir='ltr'>Giruensi,</span> <span class='ocrx_word' id='word_1_48' title='bbox 900 520 936 545; x_wconf 88' lang='lat' dir='ltr'>ut</span> <span class='ocrx_word' id='word_1_49' title='bbox 954 516 1092 552; x_wconf 86' lang='lat' dir='ltr'>uidetur,</span> <span class='ocrx_word' id='word_1_50' title='bbox 1110 516 1198 546; x_wconf 88' lang='lat' dir='ltr'>iussu</span> <span class='ocrx_word' id='word_1_51' title='bbox 1215 515 1361 545; x_wconf 87' lang='lat' dir='ltr'>Abbatis</span> <span class='ocrx_word' id='word_1_52' title='bbox 1379 514 1535 545; x_wconf 83' lang='lat' dir='ltr'>Ceolfridi</span> <span class='ocrx_word' id='word_1_53' title='bbox 1551 514 1690 554; x_wconf 86' lang='lat' dir='ltr'>scriptus</span> <span class='ocrx_word' id='word_1_54' title='bbox 1708 518 1739 544; x_wconf 83' lang='lat' dir='ltr'>et</span> <span class='ocrx_word' id='word_1_55' title='bbox 1755 514 1798 543; x_wconf 87' lang='lat' dir='ltr'>ab</span> 
     </span>
     <span class='ocr_line' id='line_1_7' title="bbox 380 565 1799 606; baseline -0.002 -8"><span class='ocrx_word' id='word_1_56' title='bbox 380 569 499 598; x_wconf 90' lang='lat' dir='ltr'>eodem</span> <span class='ocrx_word' id='word_1_57' title='bbox 523 572 636 598; x_wconf 85' lang='lat' dir='ltr'>sancto</span> <span class='ocrx_word' id='word_1_58' title='bbox 658 567 755 597; x_wconf 89' lang='lat' dir='ltr'>Petro</span> <span class='ocrx_word' id='word_1_59' title='bbox 780 567 910 597; x_wconf 86' lang='lat' dir='ltr'>Romae</span> <span class='ocrx_word' id='word_1_60' title='bbox 933 567 1065 598; x_wconf 89' lang='lat' dir='ltr'>oblatus</span> <span class='ocrx_word' id='word_1_61' title='bbox 1086 574 1163 597; x_wconf 88' lang='lat' dir='ltr'>A.D.</span> <span class='ocrx_word' id='word_1_62' title='bbox 1183 573 1255 606; x_wconf 82' lang='lat'>715.</span> <span class='ocrx_word' id='word_1_63' title='bbox 1302 568 1420 597; x_wconf 84' lang='lat' dir='ltr'>Postea</span> <span class='ocrx_word' id='word_1_64' title='bbox 1440 567 1472 596; x_wconf 88' lang='lat' dir='ltr'>in</span> <span class='ocrx_word' id='word_1_65' title='bbox 1495 566 1654 596; x_wconf 90' lang='lat' dir='ltr'>coenobio</span> <span class='ocrx_word' id='word_1_66' title='bbox 1676 565 1799 595; x_wconf 86' lang='lat' dir='ltr'>montis</span> 
     </span>
     <span class='ocr_line' id='line_1_8' title="bbox 380 617 1798 654; baseline -0.002 -5"><span class='ocrx_word' id='word_1_67' title='bbox 380 619 539 650; x_wconf 84' lang='lat' dir='ltr'>Amiatae</span> <span class='ocrx_word' id='word_1_68' title='bbox 566 619 769 654; x_wconf 85' lang='lat' dir='ltr'>seruabatur,</span> <span class='ocrx_word' id='word_1_69' title='bbox 793 619 879 648; x_wconf 89' lang='lat' dir='ltr'>unde</span> <span class='ocrx_word' id='word_1_70' title='bbox 908 619 1025 649; x_wconf 88' lang='lat' dir='ltr'>missus</span> <span class='ocrx_word' id='word_1_71' title='bbox 1052 619 1112 649; x_wconf 89' lang='lat' dir='ltr'>fuit</span> <span class='ocrx_word' id='word_1_72' title='bbox 1140 620 1171 649; x_wconf 91' lang='lat' dir='ltr'>in</span> <span class='ocrx_word' id='word_1_73' title='bbox 1200 629 1295 649; x_wconf 90' lang='lat' dir='ltr'>usum</span> <span class='ocrx_word' id='word_1_74' title='bbox 1324 618 1478 649; x_wconf 84' lang='lat' dir='ltr'>editionis</span> <span class='ocrx_word' id='word_1_75' title='bbox 1506 617 1665 653; x_wconf 85' lang='lat' dir='ltr'>Sixtinae,</span> <span class='ocrx_word' id='word_1_76' title='bbox 1692 622 1727 646; x_wconf 92' lang='lat' dir='ltr'>ut</span> <span class='ocrx_word' id='word_1_77' title='bbox 1755 626 1798 646; x_wconf 85' lang='lat' dir='ltr'>ex</span> 
     </span>
     <span class='ocr_line' id='line_1_9' title="bbox 381 668 1798 711; baseline -0.002 -10"><span class='ocrx_word' id='word_1_78' title='bbox 381 672 494 702; x_wconf 86' lang='lat' dir='ltr'>codice</span> <span class='ocrx_word' id='word_1_79' title='bbox 519 670 693 701; x_wconf 86' lang='lat' dir='ltr'>Carafiano</span> <span class='ocrx_word' id='word_1_80' title='bbox 717 668 818 711; x_wconf 72' lang='lat' dir='ltr'>(qu.)</span> <span class='ocrx_word' id='word_1_81' title='bbox 841 675 989 710; x_wconf 86' lang='lat' dir='ltr'>apparet.</span> <span class='ocrx_word' id='word_1_82' title='bbox 1035 670 1133 701; x_wconf 88' lang='lat' dir='ltr'>Nunc</span> <span class='ocrx_word' id='word_1_83' title='bbox 1159 670 1354 707; x_wconf 81' lang='lat' dir='ltr'>Florentiae,</span> <span class='ocrx_word' id='word_1_84' title='bbox 1370 670 1401 699; x_wconf 88' lang='lat' dir='ltr'>in</span> <span class='ocrx_word' id='word_1_85' title='bbox 1425 669 1631 700; x_wconf 80' lang='lat' dir='ltr'>Bibliotheca</span> <span class='ocrx_word' id='word_1_86' title='bbox 1653 668 1798 699; x_wconf 88' lang='lat' dir='ltr'>Lauren-</span> 
     </span>
     <span class='ocr_line' id='line_1_10' title="bbox 381 720 1799 760; baseline -0.002 -7"><span class='ocrx_word' id='word_1_87' title='bbox 381 724 480 754; x_wconf 87' lang='lat' dir='ltr'>tiana.</span> <span class='ocrx_word' id='word_1_88' title='bbox 528 723 662 752; x_wconf 90' lang='lat' dir='ltr'>Nouum</span> <span class='ocrx_word' id='word_1_89' title='bbox 690 722 942 752; x_wconf 83' lang='lat' dir='ltr'>Testamentum</span> <span class='ocrx_word' id='word_1_90' title='bbox 970 723 1143 752; x_wconf 88' lang='lat' dir='ltr'>ediderunt</span> <span class='ocrx_word' id='word_1_91' title='bbox 1172 722 1209 752; x_wconf 91' lang='lat' dir='ltr'>C.</span> <span class='ocrx_word' id='word_1_92' title='bbox 1239 721 1461 752; x_wconf 88' lang='lat' dir='ltr'>Tischendorf</span> <span class='ocrx_word' id='word_1_93' title='bbox 1488 721 1569 760; x_wconf 82' lang='lat'>1850</span> <span class='ocrx_word' id='word_1_94' title='bbox 1596 725 1629 750; x_wconf 89' lang='lat' dir='ltr'>et</span> <span class='ocrx_word' id='word_1_95' title='bbox 1657 720 1740 759; x_wconf 78' lang='lat'>1854</span> <span class='ocrx_word' id='word_1_96' title='bbox 1766 724 1799 749; x_wconf 91' lang='lat' dir='ltr'>et</span> 
     </span>
     <span class='ocr_line' id='line_1_11' title="bbox 382 772 1799 815; baseline -0.001 -12"><span class='ocrx_word' id='word_1_97' title='bbox 382 773 416 804; x_wconf 90' lang='lat' dir='ltr'>S.</span> <span class='ocrx_word' id='word_1_98' title='bbox 434 775 468 804; x_wconf 83' lang='lat' dir='ltr'>P.</span> <span class='ocrx_word' id='word_1_99' title='bbox 485 774 654 814; x_wconf 82' lang='lat' dir='ltr'>Tregelles</span> <span class='ocrx_word' id='word_1_100' title='bbox 678 772 723 814; x_wconf 89' lang='lat' dir='ltr'>(in</span> <span class='ocrx_word' id='word_1_101' title='bbox 748 773 789 803; x_wconf 91' lang='lat' dir='ltr'>N.</span> <span class='ocrx_word' id='word_1_102' title='bbox 810 773 849 803; x_wconf 91' lang='lat' dir='ltr'>T.</span> <span class='ocrx_word' id='word_1_103' title='bbox 872 773 1011 815; x_wconf 87' lang='lat' dir='ltr'>Graeco)</span> <span class='ocrx_word' id='word_1_104' title='bbox 1034 774 1113 812; x_wconf 79' lang='lat'><em>1857</em></span> <span class='ocrx_word' id='word_1_105' title='bbox 1138 779 1199 804; x_wconf 84' lang='lat' dir='ltr'>etc.</span> <span class='ocrx_word' id='word_1_106' title='bbox 1246 773 1430 813; x_wconf 81' lang='lat' dir='ltr'>Euangelia</span> <span class='ocrx_word' id='word_1_107' title='bbox 1454 773 1572 802; x_wconf 90' lang='lat' dir='ltr'>iterum</span> <span class='ocrx_word' id='word_1_108' title='bbox 1597 772 1743 808; x_wconf 79' lang='lat' dir='ltr'>contulit,</span> <span class='ocrx_word' id='word_1_109' title='bbox 1767 777 1799 801; x_wconf 89' lang='lat' dir='ltr'>et</span> 
     </span>
     <span class='ocr_line' id='line_1_12' title="bbox 382 822 1799 866; baseline -0.002 -10"><span class='ocrx_word' id='word_1_110' title='bbox 382 826 531 857; x_wconf 86' lang='lat' dir='ltr'>ordinem</span> <span class='ocrx_word' id='word_1_111' title='bbox 553 825 731 856; x_wconf 89' lang='lat' dir='ltr'>stiehorum</span> <span class='ocrx_word' id='word_1_112' title='bbox 749 825 805 864; x_wconf 88' lang='lat' dir='ltr'>qui</span> <span class='ocrx_word' id='word_1_113' title='bbox 823 830 985 855; x_wconf 90' lang='lat' dir='ltr'>uocantur</span> <span class='ocrx_word' id='word_1_114' title='bbox 1000 823 1112 866; x_wconf 83' lang='lat' dir='ltr'>(quem</span> <span class='ocrx_word' id='word_1_115' title='bbox 1130 826 1161 855; x_wconf 91' lang='lat' dir='ltr'>in</span> <span class='ocrx_word' id='word_1_116' title='bbox 1178 825 1239 855; x_wconf 88' lang='lat' dir='ltr'>hac</span> <span class='ocrx_word' id='word_1_117' title='bbox 1256 825 1401 855; x_wconf 84' lang='lat' dir='ltr'>editione</span> <span class='ocrx_word' id='word_1_118' title='bbox 1422 822 1604 864; x_wconf 86' lang='lat' dir='ltr'>sequimur)</span> <span class='ocrx_word' id='word_1_119' title='bbox 1621 824 1799 863; x_wconf 75' lang='lat' dir='ltr'>descripsit,</span> 
     </span>
     <span class='ocr_line' id='line_1_13' title="bbox 383 875 1799 915; baseline -0.002 -8"><span class='ocrx_word' id='word_1_120' title='bbox 383 883 415 908; x_wconf 90' lang='lat' dir='ltr'>et</span> <span class='ocrx_word' id='word_1_121' title='bbox 433 878 551 907; x_wconf 87' lang='lat' dir='ltr'>menda</span> <span class='ocrx_word' id='word_1_122' title='bbox 569 877 725 907; x_wconf 88' lang='lat' dir='ltr'>nonnulla</span> <span class='ocrx_word' id='word_1_123' title='bbox 741 877 895 907; x_wconf 86' lang='lat' dir='ltr'>editionis</span> <span class='ocrx_word' id='word_1_124' title='bbox 911 877 1224 907; x_wconf 88' lang='lat' dir='ltr'>Tischendorfianae</span> <span class='ocrx_word' id='word_1_125' title='bbox 1240 877 1383 907; x_wconf 85' lang='lat' dir='ltr'>correxit</span> <span class='ocrx_word' id='word_1_126' title='bbox 1401 876 1443 906; x_wconf 88' lang='lat' dir='ltr'>H.</span> <span class='ocrx_word' id='word_1_127' title='bbox 1456 876 1486 915; x_wconf 94' lang='lat' dir='ltr'>J.</span> <span class='ocrx_word' id='word_1_128' title='bbox 1498 875 1550 905; x_wconf 84' lang='lat' dir='ltr'>W.</span> <span class='ocrx_word' id='word_1_129' title='bbox 1571 875 1662 914; x_wconf 83' lang='grc'>1887.</span> <span class='ocrx_word' id='word_1_130' title='bbox 1710 875 1799 905; x_wconf 88' lang='lat' dir='ltr'>Con-</span> 
     </span>
     <span class='ocr_line' id='line_1_14' title="bbox 382 927 1800 968; baseline -0.001 -10"><span class='ocrx_word' id='word_1_131' title='bbox 382 930 519 959; x_wconf 87' lang='lat' dir='ltr'>cordant</span> <span class='ocrx_word' id='word_1_132' title='bbox 537 929 680 959; x_wconf 80' lang='lat' dir='ltr'>maxime</span> <span class='ocrx_word' id='word_1_133' title='bbox 696 928 739 965; x_wconf 87' lang='lat' dir='ltr'>A,</span> <span class='ocrx_word' id='word_1_134' title='bbox 754 927 823 965; x_wconf 40' lang='lat' dir='ltr'>Hiff,</span> <span class='ocrx_word' id='word_1_135' title='bbox 838 929 879 964; x_wconf 88' lang='lat' dir='ltr'>U,</span> <span class='ocrx_word' id='word_1_136' title='bbox 893 928 933 965; x_wconf 88' lang='lat' dir='ltr'>Y,</span> <span class='ocrx_word' id='word_1_137' title='bbox 947 934 979 959; x_wconf 88' lang='lat' dir='ltr'>et</span> <span class='ocrx_word' id='word_1_138' title='bbox 997 932 1032 966; x_wconf 78' lang='grc' dir='ltr'>Δ,</span> <span class='ocrx_word' id='word_1_139' title='bbox 1046 928 1069 959; x_wconf 94' lang='lat' dir='ltr'>S</span> <span class='ocrx_word' id='word_1_140' title='bbox 1088 929 1118 958; x_wconf 86' lang='lat' dir='ltr'>in</span> <span class='ocrx_word' id='word_1_141' title='bbox 1138 929 1292 959; x_wconf 85' lang='lat' dir='ltr'>Iohanne.</span> <span class='ocrx_word' id='word_1_142' title='bbox 1333 927 1468 968; x_wconf 83' lang='lat' dir='ltr'>(Confer</span> <span class='ocrx_word' id='word_1_143' title='bbox 1481 928 1505 957; x_wconf 93' lang='lat' dir='ltr'>I.</span> <span class='ocrx_word' id='word_1_144' title='bbox 1520 927 1556 958; x_wconf 84' lang='lat' dir='ltr'>B.</span> <span class='ocrx_word' id='word_1_145' title='bbox 1573 927 1613 957; x_wconf 91' lang='lat' dir='ltr'>de</span> <span class='ocrx_word' id='word_1_146' title='bbox 1631 927 1729 957; x_wconf 89' lang='lat' dir='ltr'>Rossi</span> <span class='ocrx_word' id='word_1_147' title='bbox 1747 927 1800 956; x_wconf 78' lang='lat' dir='ltr'>La</span> 
     </span>
     <span class='ocr_line' id='line_1_15' title="bbox 382 978 1800 1020; baseline -0.001 -10"><span class='ocrx_word' id='word_1_148' title='bbox 382 980 499 1011; x_wconf 71' lang='lat' dir='ltr'><em>Bz&#39;bbia</em></span> <span class='ocrx_word' id='word_1_149' title='bbox 521 980 637 1019; x_wconf 74' lang='lat' dir='ltr'>offerta</span> <span class='ocrx_word' id='word_1_150' title='bbox 658 980 702 1010; x_wconf 80' lang='lat' dir='ltr'>da</span> <span class='ocrx_word' id='word_1_151' title='bbox 729 980 888 1020; x_wconf 77' lang='lat' dir='ltr'>Ccolfrz‘do</span> <span class='ocrx_word' id='word_1_152' title='bbox 915 981 1039 1011; x_wconf 74' lang='lat' dir='ltr'>Abbate</span> <span class='ocrx_word' id='word_1_153' title='bbox 1066 980 1101 1011; x_wconf 76' lang='lat' dir='ltr'>al</span> <span class='ocrx_word' id='word_1_154' title='bbox 1125 981 1271 1020; x_wconf 65' lang='lat' dir='ltr'>Sepolcro</span> <span class='ocrx_word' id='word_1_155' title='bbox 1293 980 1331 1010; x_wconf 78' lang='lat' dir='ltr'>di</span> <span class='ocrx_word' id='word_1_156' title='bbox 1354 979 1390 1010; x_wconf 76' lang='lat' dir='ltr'>S.</span> <span class='ocrx_word' id='word_1_157' title='bbox 1416 980 1528 1010; x_wconf 77' lang='lat' dir='ltr'>Pietro</span> <span class='ocrx_word' id='word_1_158' title='bbox 1552 979 1681 1010; x_wconf 89' lang='lat' dir='ltr'>Romae</span> <span class='ocrx_word' id='word_1_159' title='bbox 1708 978 1800 1017; x_wconf 82' lang='grc'>1887,</span> 
     </span>
     <span class='ocr_line' id='line_1_16' title="bbox 384 1031 1126 1072; baseline -0.001 -10"><span class='ocrx_word' id='word_1_160' title='bbox 384 1032 674 1072; x_wconf 80' lang='lat' dir='ltr'>Palaeographieal</span> <span class='ocrx_word' id='word_1_161' title='bbox 693 1032 830 1071; x_wconf 89' lang='lat' dir='ltr'>Society</span> <span class='ocrx_word' id='word_1_162' title='bbox 848 1032 891 1062; x_wconf 92' lang='lat' dir='ltr'>II.</span> <span class='ocrx_word' id='word_1_163' title='bbox 908 1033 974 1063; x_wconf 80' lang='lat' dir='ltr'>tab.</span> <span class='ocrx_word' id='word_1_164' title='bbox 994 1032 1043 1071; x_wconf 85' lang='lat'>65.</span> <span class='ocrx_word' id='word_1_165' title='bbox 1061 1031 1126 1072; x_wconf 88' lang='lat'><strong>66.)</strong></span> 
     </span>
    </p>

    <p class='ocr_par' dir='ltr' id='par_1_4' title="bbox 298 1082 1800 1332">
     <span class='ocr_line' id='line_1_17' title="bbox 298 1082 1800 1124; baseline -0.003 -9"><span class='ocrx_word' id='word_1_166' title='bbox 298 1093 326 1115; x_wconf 83' lang='lat'>2.</span> <span class='ocrx_word' id='word_1_167' title='bbox 352 1084 388 1114; x_wconf 87' lang='lat' dir='ltr'>B.</span> <span class='ocrx_word' id='word_1_168' title='bbox 415 1084 533 1115; x_wconf 84' lang='lat' dir='ltr'>Codex</span> <span class='ocrx_word' id='word_1_169' title='bbox 548 1084 805 1124; x_wconf 78' lang='lat' dir='ltr'>Euangeliorum</span> <span class='ocrx_word' id='word_1_170' title='bbox 816 1084 1011 1124; x_wconf 66' lang='lat' dir='ltr'>Bzgotiamcs</span> <span class='ocrx_word' id='word_1_171' title='bbox 1022 1084 1100 1114; x_wconf 93' lang='lat' dir='ltr'>olim</span> <span class='ocrx_word' id='word_1_172' title='bbox 1113 1084 1350 1119; x_wconf 82' lang='lat' dir='ltr'>Fiscannensis,</span> <span class='ocrx_word' id='word_1_173' title='bbox 1364 1083 1451 1114; x_wconf 89' lang='lat' dir='ltr'>VIII</span> <span class='ocrx_word' id='word_1_174' title='bbox 1466 1083 1517 1113; x_wconf 88' lang='lat' dir='ltr'>uel</span> <span class='ocrx_word' id='word_1_175' title='bbox 1533 1083 1582 1112; x_wconf 88' lang='lat' dir='ltr'>IX</span> <span class='ocrx_word' id='word_1_176' title='bbox 1594 1092 1686 1119; x_wconf 64' lang='lat' dir='ltr'>saec„</span> <span class='ocrx_word' id='word_1_177' title='bbox 1700 1082 1800 1112; x_wconf 88' lang='lat' dir='ltr'>Paris.</span> 
     </span>
     <span class='ocr_line' id='line_1_18' title="bbox 385 1134 1800 1176; baseline -0.002 -10"><span class='ocrx_word' id='word_1_178' title='bbox 385 1136 460 1166; x_wconf 89' lang='lat' dir='ltr'>Lat.</span> <span class='ocrx_word' id='word_1_179' title='bbox 482 1136 540 1166; x_wconf 83' lang='grc'>281</span> <span class='ocrx_word' id='word_1_180' title='bbox 561 1141 593 1166; x_wconf 90' lang='lat' dir='ltr'>et</span> <span class='ocrx_word' id='word_1_181' title='bbox 617 1136 688 1174; x_wconf 83' lang='lat'>298.</span> <span class='ocrx_word' id='word_1_182' title='bbox 735 1135 885 1166; x_wconf 84' lang='lat' dir='ltr'>Contulit</span> <span class='ocrx_word' id='word_1_183' title='bbox 910 1136 1048 1166; x_wconf 87' lang='lat' dir='ltr'>Bentleii</span> <span class='ocrx_word' id='word_1_184' title='bbox 1073 1136 1179 1176; x_wconf 80' lang='lat' dir='ltr'>gratia</span> <span class='ocrx_word' id='word_1_185' title='bbox 1205 1135 1275 1165; x_wconf 89' lang='lat' dir='ltr'>Ioh.</span> <span class='ocrx_word' id='word_1_186' title='bbox 1293 1135 1429 1165; x_wconf 81' lang='lat' dir='ltr'>Walker</span> <span class='ocrx_word' id='word_1_187' title='bbox 1445 1135 1494 1165; x_wconf 86' lang='lat' dir='ltr'>cui</span> <span class='ocrx_word' id='word_1_188' title='bbox 1519 1140 1587 1165; x_wconf 86' lang='lat' dir='ltr'>erat</span> <span class='ocrx_word' id='word_1_189' title='bbox 1613 1146 1652 1170; x_wconf 85' lang='grc' dir='ltr'>π;</span> <span class='ocrx_word' id='word_1_190' title='bbox 1682 1134 1800 1164; x_wconf 85' lang='lat' dir='ltr'>iterum</span> 
     </span>
     <span class='ocr_line' id='line_1_19' title="bbox 386 1185 1800 1227; baseline -0.001 -10"><span class='ocrx_word' id='word_1_191' title='bbox 386 1188 482 1218; x_wconf 88' lang='lat' dir='ltr'>Matt.</span> <span class='ocrx_word' id='word_1_192' title='bbox 511 1187 613 1218; x_wconf 86' lang='lat' dir='ltr'>Marc.</span> <span class='ocrx_word' id='word_1_193' title='bbox 642 1187 721 1217; x_wconf 90' lang='lat' dir='ltr'>Luc.</span> <span class='ocrx_word' id='word_1_194' title='bbox 748 1188 887 1218; x_wconf 89' lang='lat' dir='ltr'>contulit</span> <span class='ocrx_word' id='word_1_195' title='bbox 917 1188 942 1218; x_wconf 94' lang='grc' dir='ltr'>Ι.</span> <span class='ocrx_word' id='word_1_196' title='bbox 972 1188 1005 1218; x_wconf 93' lang='lat' dir='ltr'>S.</span> <span class='ocrx_word' id='word_1_197' title='bbox 1033 1187 1134 1227; x_wconf 76' lang='lat'>18833</span> <span class='ocrx_word' id='word_1_198' title='bbox 1177 1187 1358 1217; x_wconf 87' lang='lat' dir='ltr'>Iohannem</span> <span class='ocrx_word' id='word_1_199' title='bbox 1386 1188 1495 1217; x_wconf 85' lang='lat' dir='ltr'>denuo</span> <span class='ocrx_word' id='word_1_200' title='bbox 1522 1186 1660 1217; x_wconf 89' lang='lat' dir='ltr'>contulit</span> <span class='ocrx_word' id='word_1_201' title='bbox 1688 1185 1727 1216; x_wconf 90' lang='lat' dir='ltr'>G.</span> <span class='ocrx_word' id='word_1_202' title='bbox 1754 1185 1800 1215; x_wconf 82' lang='lat' dir='ltr'>M.</span> 
     </span>
     <span class='ocr_line' id='line_1_20' title="bbox 384 1237 1799 1279; baseline -0.001 -10"><span class='ocrx_word' id='word_1_203' title='bbox 384 1239 596 1279; x_wconf 82' lang='lat' dir='ltr'>Youngman.</span> <span class='ocrx_word' id='word_1_204' title='bbox 643 1237 707 1279; x_wconf 90' lang='lat' dir='ltr'>(Cf.</span> <span class='ocrx_word' id='word_1_205' title='bbox 726 1239 764 1269; x_wconf 91' lang='lat' dir='ltr'>L.</span> <span class='ocrx_word' id='word_1_206' title='bbox 784 1239 908 1269; x_wconf 88' lang='lat' dir='ltr'>Delisle</span> <span class='ocrx_word' id='word_1_207' title='bbox 929 1238 1062 1270; x_wconf 72' lang='lat' dir='ltr'>Cabioet</span> <span class='ocrx_word' id='word_1_208' title='bbox 1075 1239 1130 1270; x_wconf 72' lang='lat' dir='ltr'>des</span> <span class='ocrx_word' id='word_1_209' title='bbox 1147 1239 1192 1268; x_wconf 83' lang='lat' dir='ltr'>M</span> <span class='ocrx_word' id='word_1_210' title='bbox 1193 1239 1219 1269; x_wconf 75' lang='lat' dir='ltr'><em>S</em></span> <span class='ocrx_word' id='word_1_211' title='bbox 1224 1239 1250 1269; x_wconf 74' lang='lat'><em>5</em></span> <span class='ocrx_word' id='word_1_212' title='bbox 1253 1263 1259 1270; x_wconf 90' lang='lat'>.</span> <span class='ocrx_word' id='word_1_213' title='bbox 1275 1239 1313 1269; x_wconf 82' lang='lat' dir='ltr'>de</span> <span class='ocrx_word' id='word_1_214' title='bbox 1329 1238 1362 1269; x_wconf 86' lang='lat' dir='ltr'>la</span> <span class='ocrx_word' id='word_1_215' title='bbox 1380 1238 1599 1277; x_wconf 58' lang='lat' dir='ltr'>Bz&#39;blz&#39;otlcstque</span> <span class='ocrx_word' id='word_1_216' title='bbox 1614 1237 1799 1273; x_wconf 73' lang='lat' dir='ltr'>Natz&#39;mmle,</span> 
     </span>
     <span class='ocr_line' id='line_1_21' title="bbox 385 1290 933 1332; baseline -0.004 -11"><span class='ocrx_word' id='word_1_217' title='bbox 385 1291 468 1321; x_wconf 86' lang='lat' dir='ltr'>atlas</span> <span class='ocrx_word' id='word_1_218' title='bbox 485 1292 551 1321; x_wconf 83' lang='lat' dir='ltr'>tab.</span> <span class='ocrx_word' id='word_1_219' title='bbox 569 1302 601 1320; x_wconf 91' lang='lat' dir='ltr'>x.</span> <span class='ocrx_word' id='word_1_220' title='bbox 622 1300 647 1326; x_wconf 86' lang='lat'>1,</span> <span class='ocrx_word' id='word_1_221' title='bbox 667 1299 683 1321; x_wconf 88' lang='grc'>2</span> <span class='ocrx_word' id='word_1_222' title='bbox 704 1291 801 1321; x_wconf 86' lang='lat' dir='ltr'>Paris.</span> <span class='ocrx_word' id='word_1_223' title='bbox 826 1290 933 1332; x_wconf 81' lang='lat'>1881.)</span> 
     </span>
    </p>

    <p class='ocr_par' dir='ltr' id='par_1_5' title="bbox 298 1341 1803 1848">
     <span class='ocr_line' id='line_1_22' title="bbox 298 1341 1800 1383; baseline -0.002 -10"><span class='ocrx_word' id='word_1_224' title='bbox 298 1352 326 1383; x_wconf 79' lang='lat'>3.</span> <span class='ocrx_word' id='word_1_225' title='bbox 351 1342 387 1373; x_wconf 92' lang='lat' dir='ltr'>C.</span> <span class='ocrx_word' id='word_1_226' title='bbox 413 1342 529 1373; x_wconf 80' lang='lat' dir='ltr'>Codex</span> <span class='ocrx_word' id='word_1_227' title='bbox 542 1343 724 1373; x_wconf 88' lang='lat' dir='ltr'>Bibliorum</span> <span class='ocrx_word' id='word_1_228' title='bbox 739 1342 899 1379; x_wconf 71' lang='lat' dir='ltr'>Confusis,</span> <span class='ocrx_word' id='word_1_229' title='bbox 912 1354 936 1373; x_wconf 96' lang='lat' dir='ltr'>s.</span> <span class='ocrx_word' id='word_1_230' title='bbox 950 1343 1057 1373; x_wconf 85' lang='lat' dir='ltr'>forsan</span> <span class='ocrx_word' id='word_1_231' title='bbox 1073 1343 1133 1379; x_wconf 86' lang='lat' dir='ltr'>IX,</span> <span class='ocrx_word' id='word_1_232' title='bbox 1145 1343 1176 1372; x_wconf 89' lang='lat' dir='ltr'>in</span> <span class='ocrx_word' id='word_1_233' title='bbox 1190 1343 1350 1382; x_wconf 84' lang='lat' dir='ltr'>Hispania</span> <span class='ocrx_word' id='word_1_234' title='bbox 1364 1347 1399 1373; x_wconf 88' lang='lat' dir='ltr'>ut</span> <span class='ocrx_word' id='word_1_235' title='bbox 1412 1342 1542 1372; x_wconf 89' lang='lat' dir='ltr'>uidetur</span> <span class='ocrx_word' id='word_1_236' title='bbox 1553 1341 1800 1381; x_wconf 83' lang='lat' dir='ltr'>septentrionali</span> 
     </span>
     <span class='ocr_line' id='line_1_23' title="bbox 386 1391 1801 1434; baseline -0.001 -10"><span class='ocrx_word' id='word_1_237' title='bbox 386 1394 437 1424; x_wconf 89' lang='lat' dir='ltr'>uel</span> <span class='ocrx_word' id='word_1_238' title='bbox 455 1395 693 1425; x_wconf 87' lang='lat' dir='ltr'>mediterranea</span> <span class='ocrx_word' id='word_1_239' title='bbox 710 1405 729 1424; x_wconf 94' lang='lat' dir='ltr'>a</span> <span class='ocrx_word' id='word_1_240' title='bbox 746 1394 867 1424; x_wconf 87' lang='lat' dir='ltr'>Danila</span> <span class='ocrx_word' id='word_1_241' title='bbox 884 1395 1028 1434; x_wconf 86' lang='lat' dir='ltr'>quodam</span> <span class='ocrx_word' id='word_1_242' title='bbox 1046 1395 1185 1434; x_wconf 84' lang='lat' dir='ltr'>scriptus</span> <span class='ocrx_word' id='word_1_243' title='bbox 1206 1393 1294 1426; x_wconf 85' lang='lat' dir='ltr'>(uide</span> <span class='ocrx_word' id='word_1_244' title='bbox 1316 1394 1490 1434; x_wconf 81' lang='lat' dir='ltr'>prologum</span> <span class='ocrx_word' id='word_1_245' title='bbox 1512 1395 1554 1424; x_wconf 92' lang='lat' dir='ltr'>ad</span> <span class='ocrx_word' id='word_1_246' title='bbox 1578 1391 1801 1433; x_wconf 86' lang='lat' dir='ltr'>Ezechielem)</span> 
     </span>
     <span class='ocr_line' id='line_1_24' title="bbox 384 1445 1801 1486; baseline -0.001 -10"><span class='ocrx_word' id='word_1_247' title='bbox 384 1446 502 1476; x_wconf 88' lang='lat' dir='ltr'>litteris</span> <span class='ocrx_word' id='word_1_248' title='bbox 527 1446 743 1486; x_wconf 85' lang='lat' dir='ltr'>Uisigothicis</span> <span class='ocrx_word' id='word_1_249' title='bbox 768 1446 900 1476; x_wconf 89' lang='lat' dir='ltr'>minutis</span> <span class='ocrx_word' id='word_1_250' title='bbox 923 1451 956 1476; x_wconf 92' lang='lat' dir='ltr'>et</span> <span class='ocrx_word' id='word_1_251' title='bbox 980 1447 1138 1477; x_wconf 88' lang='lat' dir='ltr'>rotundis.</span> <span class='ocrx_word' id='word_1_252' title='bbox 1198 1446 1348 1476; x_wconf 82' lang='lat' dir='ltr'>Maxime</span> <span class='ocrx_word' id='word_1_253' title='bbox 1376 1456 1450 1476; x_wconf 91' lang='lat' dir='ltr'>cum</span> <span class='ocrx_word' id='word_1_254' title='bbox 1479 1446 1508 1475; x_wconf 94' lang='lat' dir='ltr'>T</span> <span class='ocrx_word' id='word_1_255' title='bbox 1537 1446 1715 1476; x_wconf 88' lang='lat' dir='ltr'>concordat</span> <span class='ocrx_word' id='word_1_256' title='bbox 1743 1445 1801 1474; x_wconf 87' lang='lat' dir='ltr'>sed</span> 
     </span>
     <span class='ocr_line' id='line_1_25' title="bbox 385 1497 1801 1538; baseline -0.001 -11"><span class='ocrx_word' id='word_1_257' title='bbox 385 1497 508 1528; x_wconf 87' lang='lat' dir='ltr'>formae</span> <span class='ocrx_word' id='word_1_258' title='bbox 531 1497 724 1528; x_wconf 85' lang='lat' dir='ltr'>Amiatinae</span> <span class='ocrx_word' id='word_1_259' title='bbox 750 1499 883 1538; x_wconf 83' lang='lat' dir='ltr'>propior</span> <span class='ocrx_word' id='word_1_260' title='bbox 906 1503 966 1528; x_wconf 91' lang='lat' dir='ltr'>est.</span> <span class='ocrx_word' id='word_1_261' title='bbox 1015 1497 1162 1528; x_wconf 86' lang='lat' dir='ltr'>Contulit</span> <span class='ocrx_word' id='word_1_262' title='bbox 1188 1497 1211 1527; x_wconf 94' lang='lat' dir='ltr'>I.</span> <span class='ocrx_word' id='word_1_263' title='bbox 1237 1497 1270 1528; x_wconf 92' lang='lat' dir='ltr'>S.</span> <span class='ocrx_word' id='word_1_264' title='bbox 1299 1497 1434 1536; x_wconf 85' lang='lat'>1878-9.</span> <span class='ocrx_word' id='word_1_265' title='bbox 1481 1497 1587 1527; x_wconf 88' lang='lat' dir='ltr'>Totus</span> <span class='ocrx_word' id='word_1_266' title='bbox 1614 1497 1714 1527; x_wconf 87' lang='lat' dir='ltr'>etiam</span> <span class='ocrx_word' id='word_1_267' title='bbox 1743 1506 1801 1526; x_wconf 78' lang='lat' dir='ltr'>ex-</span> 
     </span>
     <span class='ocr_line' id='line_1_26' title="bbox 385 1548 1801 1589; baseline -0.001 -10"><span class='ocrx_word' id='word_1_268' title='bbox 385 1550 524 1589; x_wconf 87' lang='lat' dir='ltr'>scriptus</span> <span class='ocrx_word' id='word_1_269' title='bbox 545 1554 594 1579; x_wconf 91' lang='lat' dir='ltr'>est</span> <span class='ocrx_word' id='word_1_270' title='bbox 618 1550 660 1579; x_wconf 89' lang='lat' dir='ltr'>ab</span> <span class='ocrx_word' id='word_1_271' title='bbox 680 1549 815 1580; x_wconf 86' lang='lat' dir='ltr'>Abbate</span> <span class='ocrx_word' id='word_1_272' title='bbox 839 1551 984 1589; x_wconf 89' lang='lat' dir='ltr'>quodam</span> <span class='ocrx_word' id='word_1_273' title='bbox 1009 1550 1049 1580; x_wconf 89' lang='lat' dir='ltr'>de</span> <span class='ocrx_word' id='word_1_274' title='bbox 1074 1550 1173 1580; x_wconf 89' lang='lat' dir='ltr'>Rossi</span> <span class='ocrx_word' id='word_1_275' title='bbox 1198 1559 1310 1579; x_wconf 86' lang='lat' dir='ltr'>uersus</span> <span class='ocrx_word' id='word_1_276' title='bbox 1333 1549 1429 1579; x_wconf 88' lang='lat' dir='ltr'>huius</span> <span class='ocrx_word' id='word_1_277' title='bbox 1452 1549 1572 1579; x_wconf 87' lang='lat' dir='ltr'>saeculi</span> <span class='ocrx_word' id='word_1_278' title='bbox 1597 1548 1801 1588; x_wconf 87' lang='lat' dir='ltr'>principium,</span> 
     </span>
     <span class='ocr_line' id='line_1_27' title="bbox 385 1599 1802 1641; baseline -0.001 -10"><span class='ocrx_word' id='word_1_279' title='bbox 385 1602 441 1641; x_wconf 89' lang='lat' dir='ltr'>qui</span> <span class='ocrx_word' id='word_1_280' title='bbox 464 1602 545 1632; x_wconf 89' lang='lat' dir='ltr'>liber</span> <span class='ocrx_word' id='word_1_281' title='bbox 567 1612 653 1632; x_wconf 89' lang='lat' dir='ltr'>nunc</span> <span class='ocrx_word' id='word_1_282' title='bbox 677 1607 727 1632; x_wconf 90' lang='lat' dir='ltr'>est</span> <span class='ocrx_word' id='word_1_283' title='bbox 752 1602 882 1632; x_wconf 86' lang='lat' dir='ltr'>Romae</span> <span class='ocrx_word' id='word_1_284' title='bbox 908 1602 985 1632; x_wconf 86' lang='lat' dir='ltr'>Uat.</span> <span class='ocrx_word' id='word_1_285' title='bbox 1012 1601 1105 1639; x_wconf 80' lang='lat'>8484.</span> <span class='ocrx_word' id='word_1_286' title='bbox 1152 1600 1216 1641; x_wconf 89' lang='lat' dir='ltr'>(Cf.</span> <span class='ocrx_word' id='word_1_287' title='bbox 1243 1601 1342 1631; x_wconf 89' lang='lat' dir='ltr'>Dom.</span> <span class='ocrx_word' id='word_1_288' title='bbox 1367 1601 1569 1631; x_wconf 85' lang='lat' dir='ltr'>Bernardum</span> <span class='ocrx_word' id='word_1_289' title='bbox 1595 1599 1735 1630; x_wconf 89' lang='lat' dir='ltr'>Gaetani</span> <span class='ocrx_word' id='word_1_290' title='bbox 1760 1599 1802 1629; x_wconf 89' lang='lat' dir='ltr'>de</span> 
     </span>
     <span class='ocr_line' id='line_1_28' title="bbox 381 1650 1803 1693; baseline -0.002 -10"><span class='ocrx_word' id='word_1_291' title='bbox 381 1652 552 1692; x_wconf 80' lang='lat' dir='ltr'>Aragonia</span> <span class='ocrx_word' id='word_1_292' title='bbox 564 1654 596 1683; x_wconf 91' lang='lat' dir='ltr'>in</span> <span class='ocrx_word' id='word_1_293' title='bbox 606 1653 669 1684; x_wconf 84' lang='lat' dir='ltr'>cod.</span> <span class='ocrx_word' id='word_1_294' title='bbox 680 1653 844 1693; x_wconf 76' lang='lat' dir='ltr'>diplomat.</span> <span class='ocrx_word' id='word_1_295' title='bbox 862 1653 1089 1684; x_wconf 73' lang='lat' dir='ltr'>Cazzensz&#39;tom.</span> <span class='ocrx_word' id='word_1_296' title='bbox 1103 1653 1121 1682; x_wconf 87' lang='lat' dir='ltr'>i.</span> <span class='ocrx_word' id='word_1_297' title='bbox 1136 1653 1277 1692; x_wconf 85' lang='lat' dir='ltr'>Neapoli</span> <span class='ocrx_word' id='word_1_298' title='bbox 1295 1652 1352 1691; x_wconf 87' lang='lat'>187</span> <span class='ocrx_word' id='word_1_299' title='bbox 1357 1662 1385 1693; x_wconf 82' lang='lat'>3,</span> <span class='ocrx_word' id='word_1_300' title='bbox 1399 1652 1557 1683; x_wconf 85' lang='lat' dir='ltr'>Siluestre</span> <span class='ocrx_word' id='word_1_301' title='bbox 1570 1650 1803 1691; x_wconf 62' lang='lat' dir='ltr'>Paldograplzz&#39;e</span> 
     </span>
     <span class='ocr_line' id='line_1_29' title="bbox 391 1702 1802 1744; baseline -0.001 -9"><span class='ocrx_word' id='word_1_302' title='bbox 391 1703 590 1735; x_wconf 65' lang='lat' dir='ltr'>Um&#39;vcrselle</span> <span class='ocrx_word' id='word_1_303' title='bbox 620 1710 746 1744; x_wconf 86' lang='lat' dir='ltr'>partem</span> <span class='ocrx_word' id='word_1_304' title='bbox 779 1706 820 1741; x_wconf 89' lang='lat' dir='ltr'>iii,</span> <span class='ocrx_word' id='word_1_305' title='bbox 852 1705 889 1734; x_wconf 94' lang='lat' dir='ltr'>L.</span> <span class='ocrx_word' id='word_1_306' title='bbox 925 1705 1054 1744; x_wconf 79' lang='lat' dir='ltr'>Ziegler</span> <span class='ocrx_word' id='word_1_307' title='bbox 1079 1705 1111 1734; x_wconf 92' lang='lat' dir='ltr'>in</span> <span class='ocrx_word' id='word_1_308' title='bbox 1137 1704 1432 1744; x_wconf 64' lang='lat' dir='ltr'>Sitzngsbericlzte</span> <span class='ocrx_word' id='word_1_309' title='bbox 1461 1704 1519 1734; x_wconf 68' lang='lat' dir='ltr'>der</span> <span class='ocrx_word' id='word_1_310' title='bbox 1552 1703 1582 1734; x_wconf 75' lang='lat' dir='ltr'>k.</span> <span class='ocrx_word' id='word_1_311' title='bbox 1616 1702 1802 1743; x_wconf 72' lang='lat' dir='ltr'>baym&#39;sclzen</span> 
     </span>
     <span class='ocr_line' id='line_1_30' title="bbox 386 1755 1801 1796; baseline -0.001 -11"><span class='ocrx_word' id='word_1_312' title='bbox 386 1756 566 1786; x_wconf 68' lang='lat' dir='ltr'>Akademz&#39;e</span> <span class='ocrx_word' id='word_1_313' title='bbox 580 1757 638 1787; x_wconf 72' lang='lat' dir='ltr'>der</span> <span class='ocrx_word' id='word_1_314' title='bbox 661 1757 671 1787; x_wconf 81' lang='grc' dir='ltr'><em>Ι</em></span> <span class='ocrx_word' id='word_1_315' title='bbox 677 1757 702 1786; x_wconf 86' lang='lat' dir='ltr'><em>V</em></span> <span class='ocrx_word' id='word_1_316' title='bbox 702 1756 930 1796; x_wconf 75' lang='lat' dir='ltr'>z&#39;ssensclmften</span> <span class='ocrx_word' id='word_1_317' title='bbox 939 1756 1114 1796; x_wconf 75' lang='lat' dir='ltr'>plzz&#39;l.-pl2il.</span> <span class='ocrx_word' id='word_1_318' title='bbox 1130 1756 1234 1786; x_wconf 71' lang='lat' dir='ltr'>klczsse</span> <span class='ocrx_word' id='word_1_319' title='bbox 1246 1767 1277 1796; x_wconf 91' lang='lat' dir='ltr'>p.</span> <span class='ocrx_word' id='word_1_320' title='bbox 1289 1755 1350 1794; x_wconf 83' lang='lat'>655</span> <span class='ocrx_word' id='word_1_321' title='bbox 1365 1767 1435 1796; x_wconf 86' lang='lat' dir='ltr'>sqq.</span> <span class='ocrx_word' id='word_1_322' title='bbox 1450 1756 1583 1786; x_wconf 84' lang='lat' dir='ltr'>Monaei</span> <span class='ocrx_word' id='word_1_323' title='bbox 1599 1755 1688 1795; x_wconf 81' lang='grc'>1876,</span> <span class='ocrx_word' id='word_1_324' title='bbox 1707 1755 1801 1786; x_wconf 87' lang='lat' dir='ltr'>Pertz</span> 
     </span>
     <span class='ocr_line' id='line_1_31' title="bbox 387 1806 1801 1848; baseline -0.001 -11"><span class='ocrx_word' id='word_1_325' title='bbox 387 1807 590 1846; x_wconf 65' lang='lat' dir='ltr'>Ar‘clzivfz&#39;lr</span> <span class='ocrx_word' id='word_1_326' title='bbox 604 1808 749 1838; x_wconf 67' lang='lat' dir='ltr'>deutsche</span> <span class='ocrx_word' id='word_1_327' title='bbox 768 1808 1056 1839; x_wconf 56' lang='lat' dir='ltr'>Gcscllzkhtskmzde</span> <span class='ocrx_word' id='word_1_328' title='bbox 1070 1819 1099 1838; x_wconf 89' lang='lat' dir='ltr'>v.</span> <span class='ocrx_word' id='word_1_329' title='bbox 1111 1806 1198 1848; x_wconf 78' lang='lat'>542.)</span> <span class='ocrx_word' id='word_1_330' title='bbox 1230 1808 1283 1838; x_wconf 88' lang='lat' dir='ltr'>De</span> <span class='ocrx_word' id='word_1_331' title='bbox 1296 1807 1533 1848; x_wconf 78' lang='lat' dir='ltr'>orthographia</span> <span class='ocrx_word' id='word_1_332' title='bbox 1544 1807 1619 1837; x_wconf 83' lang='lat' dir='ltr'>uide</span> <span class='ocrx_word' id='word_1_333' title='bbox 1629 1817 1657 1847; x_wconf 90' lang='lat' dir='ltr'>p.</span> <span class='ocrx_word' id='word_1_334' title='bbox 1670 1807 1801 1836; x_wconf 87' lang='lat' dir='ltr'>xxxvii.</span> 
     </span>
    </p>

    <p class='ocr_par' dir='ltr' id='par_1_6' title="bbox 299 1857 1806 2055">
     <span class='ocr_line' id='line_1_32' title="bbox 299 1857 1802 1899; baseline -0.001 -10"><span class='ocrx_word' id='word_1_335' title='bbox 299 1868 329 1896; x_wconf 82' lang='lat'>4.</span> <span class='ocrx_word' id='word_1_336' title='bbox 356 1859 397 1889; x_wconf 94' lang='lat' dir='ltr'>D.</span> <span class='ocrx_word' id='word_1_337' title='bbox 424 1859 540 1890; x_wconf 81' lang='lat' dir='ltr'>Codex</span> <span class='ocrx_word' id='word_1_338' title='bbox 563 1860 652 1890; x_wconf 90' lang='lat' dir='ltr'>Noui</span> <span class='ocrx_word' id='word_1_339' title='bbox 669 1860 874 1891; x_wconf 86' lang='lat' dir='ltr'>Testamenti</span> <span class='ocrx_word' id='word_1_340' title='bbox 891 1860 1103 1890; x_wconf 75' lang='lat' dir='ltr'>Dnblineusis</span> <span class='ocrx_word' id='word_1_341' title='bbox 1119 1860 1197 1889; x_wconf 88' lang='lat' dir='ltr'>olim</span> <span class='ocrx_word' id='word_1_342' title='bbox 1215 1859 1446 1889; x_wconf 61' lang='lat' dir='ltr'>Armaclzamzs</span> <span class='ocrx_word' id='word_1_343' title='bbox 1461 1858 1571 1899; x_wconf 84' lang='lat' dir='ltr'>(Book</span> <span class='ocrx_word' id='word_1_344' title='bbox 1588 1857 1802 1898; x_wconf 70' lang='lat' dir='ltr'>offirmaglc)</span> 
     </span>
     <span class='ocr_line' id='line_1_33' title="bbox 387 1910 1802 1950; baseline -0.001 -9"><span class='ocrx_word' id='word_1_345' title='bbox 387 1921 411 1941; x_wconf 90' lang='lat' dir='ltr'>s.</span> <span class='ocrx_word' id='word_1_346' title='bbox 428 1911 515 1941; x_wconf 85' lang='lat' dir='ltr'>VIII</span> <span class='ocrx_word' id='word_1_347' title='bbox 534 1912 585 1941; x_wconf 91' lang='lat' dir='ltr'>uel</span> <span class='ocrx_word' id='word_1_348' title='bbox 600 1912 660 1949; x_wconf 80' lang='lat' dir='ltr'>IX,</span> <span class='ocrx_word' id='word_1_349' title='bbox 674 1913 705 1942; x_wconf 93' lang='lat' dir='ltr'>in</span> <span class='ocrx_word' id='word_1_350' title='bbox 725 1912 797 1942; x_wconf 88' lang='lat' dir='ltr'>coll.</span> <span class='ocrx_word' id='word_1_351' title='bbox 816 1912 849 1942; x_wconf 87' lang='lat' dir='ltr'>S.</span> <span class='ocrx_word' id='word_1_352' title='bbox 867 1912 1044 1942; x_wconf 88' lang='lat' dir='ltr'>Trinitatis.</span> <span class='ocrx_word' id='word_1_353' title='bbox 1093 1911 1200 1941; x_wconf 84' lang='lat' dir='ltr'>Huius</span> <span class='ocrx_word' id='word_1_354' title='bbox 1217 1911 1371 1942; x_wconf 88' lang='lat' dir='ltr'>editionis</span> <span class='ocrx_word' id='word_1_355' title='bbox 1388 1911 1493 1950; x_wconf 76' lang='lat' dir='ltr'>gratia</span> <span class='ocrx_word' id='word_1_356' title='bbox 1509 1911 1681 1950; x_wconf 82' lang='lat' dir='ltr'>exscripsit</span> <span class='ocrx_word' id='word_1_357' title='bbox 1699 1910 1736 1940; x_wconf 88' lang='lat' dir='ltr'>G.</span> <span class='ocrx_word' id='word_1_358' title='bbox 1756 1910 1802 1940; x_wconf 89' lang='lat' dir='ltr'>M.</span> 
     </span>
     <span class='ocr_line' id='line_1_34' title="bbox 386 1961 1806 2004; baseline -0.001 -11"><span class='ocrx_word' id='word_1_359' title='bbox 386 1962 587 2003; x_wconf 82' lang='lat' dir='ltr'>Youngman</span> <span class='ocrx_word' id='word_1_360' title='bbox 601 1963 693 2003; x_wconf 75' lang='grc'>1883.</span> <span class='ocrx_word' id='word_1_361' title='bbox 727 1963 780 1993; x_wconf 85' lang='lat' dir='ltr'>Ex</span> <span class='ocrx_word' id='word_1_362' title='bbox 800 1974 863 1993; x_wconf 88' lang='lat' dir='ltr'>una</span> <span class='ocrx_word' id='word_1_363' title='bbox 879 1963 1001 1993; x_wconf 88' lang='lat' dir='ltr'>familia</span> <span class='ocrx_word' id='word_1_364' title='bbox 1015 1963 1172 2003; x_wconf 81' lang='lat' dir='ltr'>originem</span> <span class='ocrx_word' id='word_1_365' title='bbox 1186 1962 1319 1993; x_wconf 87' lang='lat' dir='ltr'>trahunt</span> <span class='ocrx_word' id='word_1_366' title='bbox 1331 1963 1362 1992; x_wconf 92' lang='lat' dir='ltr'>D</span> <span class='ocrx_word' id='word_1_367' title='bbox 1376 1963 1403 1992; x_wconf 83' lang='lat' dir='ltr'><strong>E</strong></span> <span class='ocrx_word' id='word_1_368' title='bbox 1416 1962 1444 1992; x_wconf 95' lang='lat' dir='ltr'>L</span> <span class='ocrx_word' id='word_1_369' title='bbox 1457 1962 1487 2002; x_wconf 75' lang='lat' dir='ltr'>Q</span> <span class='ocrx_word' id='word_1_370' title='bbox 1501 1963 1541 1992; x_wconf 89' lang='lat' dir='ltr'>R.</span> <span class='ocrx_word' id='word_1_371' title='bbox 1569 1961 1631 2004; x_wconf 90' lang='lat' dir='ltr'>(Cf.</span> <span class='ocrx_word' id='word_1_372' title='bbox 1642 1961 1806 1992; x_wconf 77' lang='lat' dir='ltr'>National</span> 
     </span>
     <span class='ocr_line' id='line_1_35' title="bbox 386 2012 1407 2055; baseline 0.001 -12"><span class='ocrx_word' id='word_1_373' title='bbox 386 2014 499 2044; x_wconf 73' lang='lat' dir='ltr'>MSS.</span> <span class='ocrx_word' id='word_1_374' title='bbox 516 2016 556 2054; x_wconf 91' lang='lat' dir='ltr'>of</span> <span class='ocrx_word' id='word_1_375' title='bbox 566 2015 704 2045; x_wconf 71' lang='lat' dir='ltr'>[reland</span> <span class='ocrx_word' id='word_1_376' title='bbox 717 2021 798 2055; x_wconf 83' lang='lat' dir='ltr'>part.</span> <span class='ocrx_word' id='word_1_377' title='bbox 817 2017 836 2045; x_wconf 93' lang='lat' dir='ltr'>i.</span> <span class='ocrx_word' id='word_1_378' title='bbox 854 2026 908 2055; x_wconf 88' lang='lat' dir='ltr'>pp.</span> <span class='ocrx_word' id='word_1_379' title='bbox 927 2016 1087 2051; x_wconf 81' lang='lat' dir='ltr'>xiv-xvii,</span> <span class='ocrx_word' id='word_1_380' title='bbox 1099 2016 1188 2045; x_wconf 85' lang='lat' dir='ltr'>tabb.</span> <span class='ocrx_word' id='word_1_381' title='bbox 1202 2012 1407 2055; x_wconf 79' lang='lat' dir='ltr'>xxv—xxix.)</span> 
     </span>
    </p>

    <p class='ocr_par' dir='ltr' id='par_1_7' title="bbox 300 2063 1802 2251">
     <span class='ocr_line' id='line_1_36' title="bbox 300 2063 1801 2106; baseline -0.001 -10"><span class='ocrx_word' id='word_1_382' title='bbox 300 2072 330 2104; x_wconf 84' lang='lat'>5.</span> <span class='ocrx_word' id='word_1_383' title='bbox 356 2068 390 2096; x_wconf 88' lang='grc' dir='ltr'>Δ.</span> <span class='ocrx_word' id='word_1_384' title='bbox 416 2065 533 2096; x_wconf 91' lang='lat' dir='ltr'>Codex</span> <span class='ocrx_word' id='word_1_385' title='bbox 552 2066 807 2106; x_wconf 81' lang='lat' dir='ltr'>Euangeliorum</span> <span class='ocrx_word' id='word_1_386' title='bbox 821 2066 1195 2101; x_wconf 49' lang='lat' dir='ltr'>DzmelmenszsAAi.16,</span> <span class='ocrx_word' id='word_1_387' title='bbox 1207 2066 1311 2096; x_wconf 85' lang='lat' dir='ltr'>s.VII</span> <span class='ocrx_word' id='word_1_388' title='bbox 1323 2066 1373 2096; x_wconf 90' lang='lat' dir='ltr'>uel</span> <span class='ocrx_word' id='word_1_389' title='bbox 1385 2066 1483 2102; x_wconf 90' lang='lat' dir='ltr'>VIII,</span> <span class='ocrx_word' id='word_1_390' title='bbox 1495 2066 1551 2096; x_wconf 78' lang='lat' dir='ltr'>‘de</span> <span class='ocrx_word' id='word_1_391' title='bbox 1562 2075 1660 2095; x_wconf 90' lang='lat' dir='ltr'>manu</span> <span class='ocrx_word' id='word_1_392' title='bbox 1672 2063 1801 2095; x_wconf 87' lang='lat' dir='ltr'>Bedae’</span> 
     </span>
     <span class='ocr_line' id='line_1_37' title="bbox 388 2116 1801 2159; baseline 0 -12"><span class='ocrx_word' id='word_1_393' title='bbox 388 2117 505 2154; x_wconf 88' lang='lat' dir='ltr'>dictus,</span> <span class='ocrx_word' id='word_1_394' title='bbox 521 2118 577 2157; x_wconf 87' lang='lat' dir='ltr'>qui</span> <span class='ocrx_word' id='word_1_395' title='bbox 595 2124 663 2149; x_wconf 89' lang='lat' dir='ltr'>erat</span> <span class='ocrx_word' id='word_1_396' title='bbox 681 2118 831 2149; x_wconf 89' lang='lat' dir='ltr'>Bentleio</span> <span class='ocrx_word' id='word_1_397' title='bbox 849 2119 882 2148; x_wconf 90' lang='lat' dir='ltr'><strong>K</strong></span> <span class='ocrx_word' id='word_1_398' title='bbox 900 2118 946 2159; x_wconf 92' lang='lat' dir='ltr'>(in</span> <span class='ocrx_word' id='word_1_399' title='bbox 964 2119 1045 2149; x_wconf 90' lang='lat' dir='ltr'>libro</span> <span class='ocrx_word' id='word_1_400' title='bbox 1063 2118 1115 2148; x_wconf 91' lang='lat' dir='ltr'>Tr.</span> <span class='ocrx_word' id='word_1_401' title='bbox 1135 2117 1217 2148; x_wconf 91' lang='lat' dir='ltr'>Coll.</span> <span class='ocrx_word' id='word_1_402' title='bbox 1236 2117 1333 2147; x_wconf 87' lang='lat' dir='ltr'>Cant.</span> <span class='ocrx_word' id='word_1_403' title='bbox 1351 2117 1387 2147; x_wconf 89' lang='grc' dir='ltr'>Β.</span> <span class='ocrx_word' id='word_1_404' title='bbox 1408 2126 1454 2157; x_wconf 91' lang='lat'>17,</span> <span class='ocrx_word' id='word_1_405' title='bbox 1473 2116 1535 2159; x_wconf 87' lang='lat'>14).</span> <span class='ocrx_word' id='word_1_406' title='bbox 1583 2117 1801 2156; x_wconf 84' lang='lat' dir='ltr'>Euangelium</span> 
     </span>
     <span class='ocr_line' id='line_1_38' title="bbox 390 2168 1802 2208; baseline 0.001 -10"><span class='ocrx_word' id='word_1_407' title='bbox 390 2168 543 2199; x_wconf 87' lang='lat' dir='ltr'>Iohannis</span> <span class='ocrx_word' id='word_1_408' title='bbox 567 2170 703 2200; x_wconf 90' lang='lat' dir='ltr'>contulit</span> <span class='ocrx_word' id='word_1_409' title='bbox 727 2170 751 2199; x_wconf 96' lang='lat' dir='ltr'>I.</span> <span class='ocrx_word' id='word_1_410' title='bbox 770 2169 804 2200; x_wconf 89' lang='lat' dir='ltr'>S.</span> <span class='ocrx_word' id='word_1_411' title='bbox 826 2170 906 2200; x_wconf 91' lang='grc'>1882</span> <span class='ocrx_word' id='word_1_412' title='bbox 923 2181 943 2200; x_wconf 87' lang='lat' dir='ltr'>a</span> <span class='ocrx_word' id='word_1_413' title='bbox 958 2169 1127 2200; x_wconf 88' lang='lat' dir='ltr'>Willelmo</span> <span class='ocrx_word' id='word_1_414' title='bbox 1152 2169 1288 2208; x_wconf 89' lang='lat' dir='ltr'>Sanday</span> <span class='ocrx_word' id='word_1_415' title='bbox 1307 2169 1446 2199; x_wconf 87' lang='lat' dir='ltr'>adiutus.</span> <span class='ocrx_word' id='word_1_416' title='bbox 1493 2168 1531 2198; x_wconf 89' lang='lat' dir='ltr'>In</span> <span class='ocrx_word' id='word_1_417' title='bbox 1557 2168 1702 2198; x_wconf 86' lang='lat' dir='ltr'>Iohanne</span> <span class='ocrx_word' id='word_1_418' title='bbox 1726 2179 1802 2199; x_wconf 90' lang='lat' dir='ltr'>cum</span> 
     </span>
     <span class='ocr_line' id='line_1_39' title="bbox 388 2219 1512 2251; baseline 0 -1"><span class='ocrx_word' id='word_1_419' title='bbox 388 2219 561 2250; x_wconf 84' lang='lat' dir='ltr'>Amiatino</span> <span class='ocrx_word' id='word_1_420' title='bbox 580 2221 724 2251; x_wconf 84' lang='lat' dir='ltr'>maxime</span> <span class='ocrx_word' id='word_1_421' title='bbox 741 2221 935 2251; x_wconf 88' lang='lat' dir='ltr'>concordat:</span> <span class='ocrx_word' id='word_1_422' title='bbox 960 2222 992 2251; x_wconf 90' lang='lat' dir='ltr'>in</span> <span class='ocrx_word' id='word_1_423' title='bbox 1010 2221 1125 2251; x_wconf 87' lang='lat' dir='ltr'>ceteris</span> <span class='ocrx_word' id='word_1_424' title='bbox 1143 2231 1208 2251; x_wconf 91' lang='lat' dir='ltr'>non</span> <span class='ocrx_word' id='word_1_425' title='bbox 1224 2220 1444 2251; x_wconf 87' lang='lat' dir='ltr'>adhibuimus.</span> <span class='ocrx_word' id='word_1_426' title='bbox 1505 2228 1512 2233; x_wconf 81' lang='grc'>·’</span> 
     </span>
    </p>

    <p class='ocr_par' dir='ltr' id='par_1_8' title="bbox 302 2271 1803 2469">
     <span class='ocr_line' id='line_1_40' title="bbox 302 2271 1802 2313; baseline 0 -12"><span class='ocrx_word' id='word_1_427' title='bbox 302 2272 331 2301; x_wconf 89' lang='lat'>6.</span> <span class='ocrx_word' id='word_1_428' title='bbox 356 2271 395 2301; x_wconf 87' lang='lat' dir='ltr'>E.</span> <span class='ocrx_word' id='word_1_429' title='bbox 423 2271 541 2302; x_wconf 82' lang='lat' dir='ltr'>Codex</span> <span class='ocrx_word' id='word_1_430' title='bbox 571 2272 699 2313; x_wconf 82' lang='lat' dir='ltr'>Euang.</span> <span class='ocrx_word' id='word_1_431' title='bbox 725 2283 804 2303; x_wconf 91' lang='lat' dir='ltr'>mus.</span> <span class='ocrx_word' id='word_1_432' title='bbox 823 2273 902 2303; x_wconf 89' lang='lat' dir='ltr'>Brit.</span> <span class='ocrx_word' id='word_1_433' title='bbox 918 2273 1151 2312; x_wconf 71' lang='lat' dir='ltr'>Egertoncnsz&#39;s</span> <span class='ocrx_word' id='word_1_434' title='bbox 1174 2273 1246 2312; x_wconf 82' lang='lat'>609,</span> <span class='ocrx_word' id='word_1_435' title='bbox 1265 2283 1290 2302; x_wconf 88' lang='lat' dir='ltr'>s.</span> <span class='ocrx_word' id='word_1_436' title='bbox 1308 2272 1395 2302; x_wconf 91' lang='lat' dir='ltr'>VIII</span> <span class='ocrx_word' id='word_1_437' title='bbox 1420 2271 1471 2302; x_wconf 85' lang='lat' dir='ltr'>uel</span> <span class='ocrx_word' id='word_1_438' title='bbox 1498 2272 1556 2309; x_wconf 90' lang='lat' dir='ltr'>IX,</span> <span class='ocrx_word' id='word_1_439' title='bbox 1582 2276 1650 2302; x_wconf 83' lang='lat' dir='ltr'>erat</span> <span class='ocrx_word' id='word_1_440' title='bbox 1667 2272 1802 2302; x_wconf 88' lang='lat' dir='ltr'>Maioris</span> 
     </span>
     <span class='ocr_line' id='line_1_41' title="bbox 389 2323 1802 2363; baseline 0.001 -11"><span class='ocrx_word' id='word_1_441' title='bbox 389 2323 583 2353; x_wconf 90' lang='lat' dir='ltr'>Monasterii</span> <span class='ocrx_word' id='word_1_442' title='bbox 611 2323 810 2354; x_wconf 90' lang='lat' dir='ltr'>Turonensis</span> <span class='ocrx_word' id='word_1_443' title='bbox 836 2324 885 2363; x_wconf 82' lang='lat'>87,</span> <span class='ocrx_word' id='word_1_444' title='bbox 911 2323 1075 2355; x_wconf 89' lang='lat' dir='ltr'>Calmetio</span> <span class='ocrx_word' id='word_1_445' title='bbox 1098 2324 1236 2363; x_wconf 88' lang='lat' dir='ltr'>aliisque</span> <span class='ocrx_word' id='word_1_446' title='bbox 1260 2334 1325 2354; x_wconf 83' lang='lat' dir='ltr'>mm</span> <span class='ocrx_word' id='word_1_447' title='bbox 1353 2324 1469 2354; x_wconf 85' lang='lat' dir='ltr'>dictus.</span> <span class='ocrx_word' id='word_1_448' title='bbox 1517 2323 1637 2353; x_wconf 89' lang='lat' dir='ltr'>Denuo</span> <span class='ocrx_word' id='word_1_449' title='bbox 1665 2324 1802 2354; x_wconf 87' lang='lat' dir='ltr'>contulit</span> 
     </span>
     <span class='ocr_line' id='line_1_42' title="bbox 390 2374 1803 2416; baseline 0.001 -12"><span class='ocrx_word' id='word_1_450' title='bbox 390 2374 429 2405; x_wconf 94' lang='lat' dir='ltr'>G.</span> <span class='ocrx_word' id='word_1_451' title='bbox 455 2374 501 2404; x_wconf 93' lang='lat' dir='ltr'>M.</span> <span class='ocrx_word' id='word_1_452' title='bbox 525 2375 725 2415; x_wconf 83' lang='lat' dir='ltr'>Youngman</span> <span class='ocrx_word' id='word_1_453' title='bbox 752 2375 844 2412; x_wconf 75' lang='lat'>1884.</span> <span class='ocrx_word' id='word_1_454' title='bbox 891 2374 955 2415; x_wconf 90' lang='lat' dir='ltr'>(Cf.</span> <span class='ocrx_word' id='word_1_455' title='bbox 983 2375 1155 2414; x_wconf 71' lang='lat' dir='ltr'>catalogue</span> <span class='ocrx_word' id='word_1_456' title='bbox 1179 2377 1219 2416; x_wconf 81' lang='lat' dir='ltr'>of</span> <span class='ocrx_word' id='word_1_457' title='bbox 1239 2375 1381 2406; x_wconf 78' lang='lat' dir='ltr'>Ancient</span> <span class='ocrx_word' id='word_1_458' title='bbox 1402 2374 1515 2405; x_wconf 74' lang='lat' dir='ltr'>MSS.</span> <span class='ocrx_word' id='word_1_459' title='bbox 1541 2375 1575 2405; x_wconf 81' lang='lat' dir='ltr'>in</span> <span class='ocrx_word' id='word_1_460' title='bbox 1600 2374 1651 2405; x_wconf 68' lang='lat' dir='ltr'>ille</span> <span class='ocrx_word' id='word_1_461' title='bbox 1673 2374 1803 2405; x_wconf 70' lang='lat' dir='ltr'>Brilz&#39;slc</span> 
     </span>
     <span class='ocr_line' id='line_1_43' title="bbox 389 2426 1043 2469; baseline -0.002 -13"><span class='ocrx_word' id='word_1_462' title='bbox 389 2426 551 2463; x_wconf 63' lang='lat' dir='ltr'>llsztsczzraz,</span> <span class='ocrx_word' id='word_1_463' title='bbox 567 2427 670 2457; x_wconf 70' lang='lat' dir='ltr'>Latio</span> <span class='ocrx_word' id='word_1_464' title='bbox 696 2438 726 2467; x_wconf 90' lang='lat' dir='ltr'>p.</span> <span class='ocrx_word' id='word_1_465' title='bbox 743 2436 793 2467; x_wconf 82' lang='lat'>30,</span> <span class='ocrx_word' id='word_1_466' title='bbox 812 2427 918 2457; x_wconf 91' lang='lat' dir='ltr'>Lond.</span> <span class='ocrx_word' id='word_1_467' title='bbox 940 2426 1043 2469; x_wconf 82' lang='grc'>1884.)</span> 
     </span>
    </p>

    <p class='ocr_par' dir='ltr' id='par_1_9' title="bbox 303 2472 1802 2622">
     <span class='ocr_line' id='line_1_44' title="bbox 303 2472 1802 2518; baseline 0 -10"><span class='ocrx_word' id='word_1_468' title='bbox 303 2485 330 2517; x_wconf 90' lang='grc'>7.</span> <span class='ocrx_word' id='word_1_469' title='bbox 357 2478 404 2508; x_wconf 74' lang='grc' dir='ltr'>ΞΡ.</span> <span class='ocrx_word' id='word_1_470' title='bbox 431 2477 548 2508; x_wconf 88' lang='lat' dir='ltr'>Codex</span> <span class='ocrx_word' id='word_1_471' title='bbox 569 2472 824 2518; x_wconf 77' lang='lat' dir='ltr'>Euangeliorum</span> <span class='ocrx_word' id='word_1_472' title='bbox 842 2478 893 2508; x_wconf 90' lang='lat' dir='ltr'>IX</span> <span class='ocrx_word' id='word_1_473' title='bbox 911 2484 946 2509; x_wconf 89' lang='lat' dir='ltr'>ut</span> <span class='ocrx_word' id='word_1_474' title='bbox 967 2479 1096 2509; x_wconf 88' lang='lat' dir='ltr'>uidetur</span> <span class='ocrx_word' id='word_1_475' title='bbox 1116 2479 1247 2516; x_wconf 87' lang='lat' dir='ltr'>saeculi,</span> <span class='ocrx_word' id='word_1_476' title='bbox 1267 2478 1346 2508; x_wconf 89' lang='lat' dir='ltr'>olim</span> <span class='ocrx_word' id='word_1_477' title='bbox 1362 2478 1613 2518; x_wconf 68' lang='lat' dir='ltr'>Epternacensz&#39;s</span> <span class='ocrx_word' id='word_1_478' title='bbox 1634 2477 1802 2508; x_wconf 83' lang='lat' dir='ltr'>Ecclesiae</span> 
     </span>
     <span class='ocr_line' id='line_1_45' title="bbox 391 2529 1801 2570; baseline 0 -11"><span class='ocrx_word' id='word_1_479' title='bbox 391 2529 423 2560; x_wconf 90' lang='lat' dir='ltr'>S.</span> <span class='ocrx_word' id='word_1_480' title='bbox 441 2529 653 2568; x_wconf 83' lang='lat' dir='ltr'>Willibrordi,</span> <span class='ocrx_word' id='word_1_481' title='bbox 670 2540 755 2561; x_wconf 90' lang='lat' dir='ltr'>nunc</span> <span class='ocrx_word' id='word_1_482' title='bbox 773 2530 962 2560; x_wconf 83' lang='lat' dir='ltr'>Parisiensis</span> <span class='ocrx_word' id='word_1_483' title='bbox 975 2530 1049 2561; x_wconf 88' lang='lat' dir='ltr'>Lat.</span> <span class='ocrx_word' id='word_1_484' title='bbox 1063 2530 1146 2570; x_wconf 76' lang='lat'>9389</span> <span class='ocrx_word' id='word_1_485' title='bbox 1161 2542 1167 2567; x_wconf 76' lang='lat'><em>3</em></span> <span class='ocrx_word' id='word_1_486' title='bbox 1190 2531 1232 2560; x_wconf 86' lang='lat' dir='ltr'>ad</span> <span class='ocrx_word' id='word_1_487' title='bbox 1250 2530 1350 2560; x_wconf 88' lang='lat' dir='ltr'>finem</span> <span class='ocrx_word' id='word_1_488' title='bbox 1363 2530 1434 2560; x_wconf 89' lang='lat' dir='ltr'>libri</span> <span class='ocrx_word' id='word_1_489' title='bbox 1448 2530 1588 2560; x_wconf 86' lang='lat' dir='ltr'>habetur</span> <span class='ocrx_word' id='word_1_490' title='bbox 1603 2530 1801 2569; x_wconf 85' lang='lat' dir='ltr'>subscriptio</span> 
     </span>
     <span class='ocr_line' id='line_1_46' title="bbox 389 2581 1802 2622; baseline 0.001 -11"><span class='ocrx_word' id='word_1_491' title='bbox 389 2581 628 2613; x_wconf 69' lang='lat' dir='ltr'>Proemendaui</span> <span class='ocrx_word' id='word_1_492' title='bbox 642 2586 679 2612; x_wconf 74' lang='lat' dir='ltr'>ut</span> <span class='ocrx_word' id='word_1_493' title='bbox 686 2582 781 2621; x_wconf 72' lang='lat' dir='ltr'>pomi</span> <span class='ocrx_word' id='word_1_494' title='bbox 793 2581 965 2613; x_wconf 76' lang='lat' dir='ltr'>sccundmn</span> <span class='ocrx_word' id='word_1_495' title='bbox 981 2582 1115 2612; x_wconf 77' lang='lat' dir='ltr'>codicem</span> <span class='ocrx_word' id='word_1_496' title='bbox 1132 2582 1170 2613; x_wconf 77' lang='lat' dir='ltr'>de</span> <span class='ocrx_word' id='word_1_497' title='bbox 1186 2581 1368 2613; x_wconf 70' lang='lat' dir='ltr'>bibliotheca</span> <span class='ocrx_word' id='word_1_498' title='bbox 1383 2581 1489 2622; x_wconf 67' lang='lat' dir='ltr'>eugzffl&#39;</span> <span class='ocrx_word' id='word_1_499' title='bbox 1500 2582 1697 2621; x_wconf 68' lang='lat' dir='ltr'>praespitm‘z‘</span> <span class='ocrx_word' id='word_1_500' title='bbox 1710 2591 1802 2620; x_wconf 77' lang='lat' dir='ltr'>quem</span> 
     </span>
    </p>

    <p class='ocr_par' dir='ltr' id='par_1_10' title="bbox 1020 2634 1076 2664">
     <span class='ocr_line' id='line_1_47' title="bbox 1020 2634 1076 2664; baseline -0.018 0"><span class='ocrx_word' id='word_1_501' title='bbox 1020 2634 1040 2664; x_wconf 90' lang='lat' dir='ltr'>b</span> <span class='ocrx_word' id='word_1_502' title='bbox 1060 2642 1076 2663; x_wconf 81' lang='lat'>2</span> 
     </span>
    </p>
   </div>
  </div>
 </body>
</html>
