<?xml version="1.0" encoding="UTF-8"?>
<!DOCTYPE html PUBLIC "-//W3C//DTD XHTML 1.0 Transitional//EN"
    "http://www.w3.org/TR/xhtml1/DTD/xhtml1-transitional.dtd">
<html xmlns="http://www.w3.org/1999/xhtml" xml:lang="en" lang="en">
 <head>
  <title>
</title>
<meta http-equiv="Content-Type" content="text/html;charset=utf-8" />
  <meta name='ocr-system' content='tesseract 3.04.00' />
  <meta name='ocr-capabilities' content='ocr_page ocr_carea ocr_par ocr_line ocrx_word'/>
</head>
<body>
  <div class='ocr_page' id='page_1' title='image "./quattuoreuangeli00jero_0334.png"; bbox 0 0 2209 3147; ppageno 0'>
   <div class='ocr_carea' id='block_1_1' title="bbox 334 255 394 285">
    <p class='ocr_par' dir='ltr' id='par_1_1' title="bbox 334 255 394 285">
     <span class='ocr_line' id='line_1_1' title="bbox 334 255 394 285; baseline -0.033 0"><span class='ocrx_word' id='word_1_1' title='bbox 334 255 394 285; x_wconf 80' lang='lat'>288</span> 
     </span>
    </p>
   </div>
   <div class='ocr_carea' id='block_1_2' title="bbox 332 337 933 565">
    <p class='ocr_par' dir='ltr' id='par_1_2' title="bbox 495 337 768 367">
     <span class='ocr_line' id='line_1_2' title="bbox 495 337 768 367; baseline -0.007 -5"><span class='ocrx_word' id='word_1_2' title='bbox 495 338 597 362; x_wconf 80' lang='lat' dir='ltr'>AHVY</span> <span class='ocrx_word' id='word_1_3' title='bbox 605 337 683 361; x_wconf 83' lang='lat' dir='ltr'><em>Harl.</em></span> <span class='ocrx_word' id='word_1_4' title='bbox 698 341 768 367; x_wconf 88' lang='lat'>2797.</span> 
     </span>
    </p>

    <p class='ocr_par' dir='ltr' id='par_1_3' title="bbox 332 382 933 565">
     <span class='ocr_line' id='line_1_3' title="bbox 332 382 933 419; baseline -0.007 -5"><span class='ocrx_word' id='word_1_5' title='bbox 332 386 427 414; x_wconf 85' lang='lat' dir='ltr'>XLII.</span> <span class='ocrx_word' id='word_1_6' title='bbox 459 385 613 414; x_wconf 83' lang='lat' dir='ltr'>Confessio</span> <span class='ocrx_word' id='word_1_7' title='bbox 642 383 735 412; x_wconf 90' lang='lat' dir='ltr'>laudis</span> <span class='ocrx_word' id='word_1_8' title='bbox 764 382 793 410; x_wconf 88' lang='lat' dir='ltr'>in</span> <span class='ocrx_word' id='word_1_9' title='bbox 825 382 933 419; x_wconf 88' lang='lat' dir='ltr'>gaudio</span> 
     </span>
     <span class='ocr_line' id='line_1_4' title="bbox 373 429 933 469; baseline -0.007 -7"><span class='ocrx_word' id='word_1_10' title='bbox 373 433 491 462; x_wconf 88' lang='lat' dir='ltr'>refertur</span> <span class='ocrx_word' id='word_1_11' title='bbox 502 432 540 460; x_wconf 87' lang='lat' dir='ltr'>ad</span> <span class='ocrx_word' id='word_1_12' title='bbox 551 437 663 469; x_wconf 86' lang='lat' dir='ltr'>patrem</span> <span class='ocrx_word' id='word_1_13' title='bbox 678 435 835 468; x_wconf 83' lang='lat' dir='ltr'>postquam</span> <span class='ocrx_word' id='word_1_14' title='bbox 850 429 933 458; x_wconf 88' lang='lat' dir='ltr'>infert</span> 
     </span>
     <span class='ocr_line' id='line_1_5' title="bbox 373 477 932 518; baseline -0.007 -10"><span class='ocrx_word' id='word_1_15' title='bbox 373 481 481 518; x_wconf 81' lang='lat' dir='ltr'>priores</span> <span class='ocrx_word' id='word_1_16' title='bbox 511 479 602 507; x_wconf 89' lang='lat' dir='ltr'>iustos</span> <span class='ocrx_word' id='word_1_17' title='bbox 630 487 706 515; x_wconf 88' lang='lat' dir='ltr'>quae</span> <span class='ocrx_word' id='word_1_18' title='bbox 740 477 841 506; x_wconf 90' lang='lat' dir='ltr'>uident</span> <span class='ocrx_word' id='word_1_19' title='bbox 875 477 932 505; x_wconf 88' lang='lat' dir='ltr'>dis-</span> 
     </span>
     <span class='ocr_line' id='line_1_6' title="bbox 373 525 666 565; baseline -0.01 -9"><span class='ocrx_word' id='word_1_20' title='bbox 373 527 459 565; x_wconf 90' lang='lat' dir='ltr'>cipuli</span> <span class='ocrx_word' id='word_1_21' title='bbox 474 535 534 555; x_wconf 90' lang='lat' dir='ltr'>non</span> <span class='ocrx_word' id='word_1_22' title='bbox 549 525 666 554; x_wconf 90' lang='lat' dir='ltr'>uidisse.</span> 
     </span>
    </p>
   </div>
   <div class='ocr_carea' id='block_1_3' title="bbox 332 713 934 978">
    <p class='ocr_par' dir='ltr' id='par_1_4' title="bbox 332 713 934 978">
     <span class='ocr_line' id='line_1_7' title="bbox 332 713 934 752; baseline -0.008 -8"><span class='ocrx_word' id='word_1_23' title='bbox 332 715 445 744; x_wconf 87' lang='lat' dir='ltr'>XLIII.</span> <span class='ocrx_word' id='word_1_24' title='bbox 467 714 650 752; x_wconf 81' lang='lat' dir='ltr'>Legisperito</span> <span class='ocrx_word' id='word_1_25' title='bbox 672 713 708 742; x_wconf 89' lang='lat' dir='ltr'>de</span> <span class='ocrx_word' id='word_1_26' title='bbox 733 713 793 741; x_wconf 87' lang='lat' dir='ltr'>uita</span> <span class='ocrx_word' id='word_1_27' title='bbox 817 717 934 741; x_wconf 85' lang='lat' dir='ltr'>aeterna</span> 
     </span>
     <span class='ocr_line' id='line_1_8' title="bbox 373 760 932 799; baseline -0.005 -9"><span class='ocrx_word' id='word_1_28' title='bbox 373 767 528 799; x_wconf 75' lang='lat' dir='ltr'>quaerente</span> <span class='ocrx_word' id='word_1_29' title='bbox 545 767 571 789; x_wconf 90' lang='lat' dir='ltr'>et</span> <span class='ocrx_word' id='word_1_30' title='bbox 587 762 652 798; x_wconf 89' lang='lat' dir='ltr'>quis</span> <span class='ocrx_word' id='word_1_31' title='bbox 667 761 727 789; x_wconf 84' lang='lat' dir='ltr'>eius</span> <span class='ocrx_word' id='word_1_32' title='bbox 743 765 818 788; x_wconf 83' lang='lat' dir='ltr'>esset</span> <span class='ocrx_word' id='word_1_33' title='bbox 836 760 932 797; x_wconf 86' lang='lat' dir='ltr'>proxi-</span> 
     </span>
     <span class='ocr_line' id='line_1_9' title="bbox 373 806 933 845; baseline -0.005 -8"><span class='ocrx_word' id='word_1_34' title='bbox 373 818 438 837; x_wconf 89' lang='lat' dir='ltr'>mus</span> <span class='ocrx_word' id='word_1_35' title='bbox 454 809 618 837; x_wconf 82' lang='lat' dir='ltr'>sciscitante</span> <span class='ocrx_word' id='word_1_36' title='bbox 634 808 743 836; x_wconf 89' lang='lat' dir='ltr'>inducit</span> <span class='ocrx_word' id='word_1_37' title='bbox 763 806 933 845; x_wconf 85' lang='lat' dir='ltr'>parabolam</span> 
     </span>
     <span class='ocr_line' id='line_1_10' title="bbox 372 854 934 884; baseline -0.007 0"><span class='ocrx_word' id='word_1_38' title='bbox 372 856 514 884; x_wconf 86' lang='lat' dir='ltr'>uulnerati</span> <span class='ocrx_word' id='word_1_39' title='bbox 535 855 582 884; x_wconf 89' lang='lat' dir='ltr'>cui</span> <span class='ocrx_word' id='word_1_40' title='bbox 604 855 750 883; x_wconf 88' lang='lat' dir='ltr'>conlatam</span> <span class='ocrx_word' id='word_1_41' title='bbox 772 864 789 882; x_wconf 92' lang='lat' dir='ltr'>a</span> <span class='ocrx_word' id='word_1_42' title='bbox 812 854 934 882; x_wconf 89' lang='lat' dir='ltr'>samari-</span> 
     </span>
     <span class='ocr_line' id='line_1_11' title="bbox 373 900 934 940; baseline -0.005 -9"><span class='ocrx_word' id='word_1_43' title='bbox 373 909 442 931; x_wconf 90' lang='lat' dir='ltr'>tano</span> <span class='ocrx_word' id='word_1_44' title='bbox 465 902 693 931; x_wconf 85' lang='lat' dir='ltr'>misericordiam</span> <span class='ocrx_word' id='word_1_45' title='bbox 711 901 850 940; x_wconf 86' lang='lat' dir='ltr'>praecipit</span> <span class='ocrx_word' id='word_1_46' title='bbox 871 900 934 930; x_wconf 85' lang='lat' dir='ltr'>irni-</span> 
     </span>
     <span class='ocr_line' id='line_1_12' title="bbox 374 950 502 978; baseline 0 0"><span class='ocrx_word' id='word_1_47' title='bbox 374 950 502 978; x_wconf 86' lang='lat' dir='ltr'>tandam.</span> 
     </span>
    </p>
   </div>
   <div class='ocr_carea' id='block_1_4' title="bbox 333 1042 934 1544">
    <p class='ocr_par' dir='ltr' id='par_1_5' title="bbox 334 1042 934 1222">
     <span class='ocr_line' id='line_1_13' title="bbox 334 1042 934 1079; baseline -0.005 -6"><span class='ocrx_word' id='word_1_48' title='bbox 334 1044 463 1073; x_wconf 89' lang='lat' dir='ltr'>XLIIII.</span> <span class='ocrx_word' id='word_1_49' title='bbox 480 1043 648 1079; x_wconf 85' lang='lat' dir='ltr'>Querellam</span> <span class='ocrx_word' id='word_1_50' title='bbox 658 1042 846 1071; x_wconf 87' lang='lat' dir='ltr'>ministrantis</span> <span class='ocrx_word' id='word_1_51' title='bbox 856 1051 934 1070; x_wconf 83' lang='lat' dir='ltr'>mar-</span> 
     </span>
     <span class='ocr_line' id='line_1_14' title="bbox 374 1089 933 1120; baseline -0.004 0"><span class='ocrx_word' id='word_1_52' title='bbox 374 1092 439 1120; x_wconf 89' lang='lat' dir='ltr'>thae</span> <span class='ocrx_word' id='word_1_53' title='bbox 456 1091 490 1120; x_wconf 86' lang='lat' dir='ltr'>de</span> <span class='ocrx_word' id='word_1_54' title='bbox 507 1100 605 1120; x_wconf 92' lang='lat' dir='ltr'>sorore</span> <span class='ocrx_word' id='word_1_55' title='bbox 621 1100 681 1119; x_wconf 89' lang='lat' dir='ltr'>non</span> <span class='ocrx_word' id='word_1_56' title='bbox 698 1099 761 1119; x_wconf 88' lang='lat' dir='ltr'>eam</span> <span class='ocrx_word' id='word_1_57' title='bbox 779 1089 933 1118; x_wconf 86' lang='lat' dir='ltr'>adiuuante</span> 
     </span>
     <span class='ocr_line' id='line_1_15' title="bbox 373 1136 933 1176; baseline -0.005 -9"><span class='ocrx_word' id='word_1_58' title='bbox 373 1139 514 1176; x_wconf 84' lang='lat' dir='ltr'>optimam</span> <span class='ocrx_word' id='word_1_59' title='bbox 537 1147 601 1167; x_wconf 85' lang='lat' dir='ltr'>eam</span> <span class='ocrx_word' id='word_1_60' title='bbox 620 1142 731 1175; x_wconf 88' lang='lat' dir='ltr'>partem</span> <span class='ocrx_word' id='word_1_61' title='bbox 750 1137 871 1173; x_wconf 85' lang='lat' dir='ltr'>elegisse</span> <span class='ocrx_word' id='word_1_62' title='bbox 892 1136 933 1164; x_wconf 91' lang='lat' dir='ltr'>di-</span> 
     </span>
     <span class='ocr_line' id='line_1_16' title="bbox 373 1185 652 1222; baseline -0.007 -8"><span class='ocrx_word' id='word_1_63' title='bbox 373 1186 468 1214; x_wconf 90' lang='lat' dir='ltr'>cendo</span> <span class='ocrx_word' id='word_1_64' title='bbox 484 1185 652 1222; x_wconf 82' lang='lat' dir='ltr'>compescit.</span> 
     </span>
    </p>

    <p class='ocr_par' dir='ltr' id='par_1_6' title="bbox 333 1231 933 1355">
     <span class='ocr_line' id='line_1_17' title="bbox 333 1231 933 1268; baseline -0.005 -7"><span class='ocrx_word' id='word_1_65' title='bbox 333 1232 426 1261; x_wconf 89' lang='lat' dir='ltr'>XLV.</span> <span class='ocrx_word' id='word_1_66' title='bbox 458 1232 602 1261; x_wconf 90' lang='lat' dir='ltr'>Normam</span> <span class='ocrx_word' id='word_1_67' title='bbox 634 1231 772 1260; x_wconf 88' lang='lat' dir='ltr'>orationis</span> <span class='ocrx_word' id='word_1_68' title='bbox 804 1231 933 1268; x_wconf 89' lang='lat' dir='ltr'>quinque</span> 
     </span>
     <span class='ocr_line' id='line_1_18' title="bbox 373 1278 932 1318; baseline -0.005 -9"><span class='ocrx_word' id='word_1_69' title='bbox 373 1281 547 1318; x_wconf 82' lang='lat' dir='ltr'>petitionum</span> <span class='ocrx_word' id='word_1_70' title='bbox 584 1284 701 1316; x_wconf 87' lang='lat' dir='ltr'>rogatus</span> <span class='ocrx_word' id='word_1_71' title='bbox 738 1288 755 1307; x_wconf 90' lang='lat' dir='ltr'>a</span> <span class='ocrx_word' id='word_1_72' title='bbox 791 1278 932 1315; x_wconf 89' lang='lat' dir='ltr'>discipulo</span> 
     </span>
     <span class='ocr_line' id='line_1_19' title="bbox 373 1327 464 1355; baseline 0 0"><span class='ocrx_word' id='word_1_73' title='bbox 373 1327 464 1355; x_wconf 83' lang='lat' dir='ltr'>tradit.</span> 
     </span>
    </p>

    <p class='ocr_par' dir='ltr' id='par_1_7' title="bbox 333 1373 933 1544">
     <span class='ocr_line' id='line_1_20' title="bbox 333 1373 933 1410; baseline -0.003 -8"><span class='ocrx_word' id='word_1_74' title='bbox 333 1374 442 1403; x_wconf 87' lang='lat' dir='ltr'>XLVI.</span> <span class='ocrx_word' id='word_1_75' title='bbox 464 1374 560 1402; x_wconf 89' lang='lat' dir='ltr'>Amici</span> <span class='ocrx_word' id='word_1_76' title='bbox 573 1379 629 1402; x_wconf 88' lang='lat' dir='ltr'>tres</span> <span class='ocrx_word' id='word_1_77' title='bbox 641 1382 730 1410; x_wconf 85' lang='lat' dir='ltr'>panes</span> <span class='ocrx_word' id='word_1_78' title='bbox 742 1373 838 1401; x_wconf 87' lang='lat' dir='ltr'>media</span> <span class='ocrx_word' id='word_1_79' title='bbox 847 1378 933 1401; x_wconf 91' lang='lat' dir='ltr'>nocte</span> 
     </span>
     <span class='ocr_line' id='line_1_21' title="bbox 374 1419 932 1459; baseline -0.004 -10"><span class='ocrx_word' id='word_1_80' title='bbox 374 1421 455 1459; x_wconf 88' lang='lat' dir='ltr'>petiti</span> <span class='ocrx_word' id='word_1_81' title='bbox 467 1420 637 1458; x_wconf 86' lang='lat' dir='ltr'>parabolam</span> <span class='ocrx_word' id='word_1_82' title='bbox 649 1429 762 1457; x_wconf 73' lang='lat' dir='ltr'>ponens</span> <span class='ocrx_word' id='word_1_83' title='bbox 775 1419 932 1457; x_wconf 85' lang='lat' dir='ltr'>petendum</span> 
     </span>
     <span class='ocr_line' id='line_1_22' title="bbox 374 1467 933 1506; baseline -0.004 -10"><span class='ocrx_word' id='word_1_84' title='bbox 374 1468 574 1506; x_wconf 84' lang='lat' dir='ltr'>quaerendum</span> <span class='ocrx_word' id='word_1_85' title='bbox 603 1467 839 1504; x_wconf 87' lang='lat' dir='ltr'>pulsandumque</span> <span class='ocrx_word' id='word_1_86' title='bbox 868 1475 933 1504; x_wconf 91' lang='lat' dir='ltr'>per-</span> 
     </span>
     <span class='ocr_line' id='line_1_23' title="bbox 374 1515 478 1544; baseline -0.01 0"><span class='ocrx_word' id='word_1_87' title='bbox 374 1515 478 1544; x_wconf 85' lang='lat' dir='ltr'>suadit.</span> 
     </span>
    </p>
   </div>
   <div class='ocr_carea' id='block_1_5' title="bbox 334 1655 934 2201">
    <p class='ocr_par' dir='ltr' id='par_1_8' title="bbox 334 1655 933 1928">
     <span class='ocr_line' id='line_1_24' title="bbox 334 1655 933 1684; baseline -0.002 0"><span class='ocrx_word' id='word_1_88' title='bbox 334 1656 458 1684; x_wconf 89' lang='lat' dir='ltr'>XLVII.</span> <span class='ocrx_word' id='word_1_89' title='bbox 482 1655 598 1683; x_wconf 89' lang='lat' dir='ltr'>Mutum</span> <span class='ocrx_word' id='word_1_90' title='bbox 615 1656 836 1684; x_wconf 87' lang='lat' dir='ltr'>daemoniacum</span> <span class='ocrx_word' id='word_1_91' title='bbox 852 1655 933 1684; x_wconf 88' lang='lat' dir='ltr'>resti-</span> 
     </span>
     <span class='ocr_line' id='line_1_25' title="bbox 375 1702 933 1739; baseline -0.002 -8"><span class='ocrx_word' id='word_1_92' title='bbox 375 1708 437 1732; x_wconf 89' lang='lat' dir='ltr'>tuto</span> <span class='ocrx_word' id='word_1_93' title='bbox 457 1708 539 1731; x_wconf 87' lang='lat' dir='ltr'>curat</span> <span class='ocrx_word' id='word_1_94' title='bbox 560 1702 677 1739; x_wconf 87' lang='lat' dir='ltr'>eloquio</span> <span class='ocrx_word' id='word_1_95' title='bbox 696 1708 724 1730; x_wconf 87' lang='lat' dir='ltr'>et</span> <span class='ocrx_word' id='word_1_96' title='bbox 743 1703 772 1730; x_wconf 93' lang='lat' dir='ltr'>in</span> <span class='ocrx_word' id='word_1_97' title='bbox 790 1703 933 1730; x_wconf 87' lang='lat' dir='ltr'>belzebub</span> 
     </span>
     <span class='ocr_line' id='line_1_26' title="bbox 375 1749 933 1786; baseline -0.002 -8"><span class='ocrx_word' id='word_1_98' title='bbox 375 1750 440 1778; x_wconf 89' lang='lat' dir='ltr'>talia</span> <span class='ocrx_word' id='word_1_99' title='bbox 455 1759 522 1778; x_wconf 89' lang='lat' dir='ltr'>eum</span> <span class='ocrx_word' id='word_1_100' title='bbox 535 1758 621 1786; x_wconf 87' lang='lat' dir='ltr'>posse</span> <span class='ocrx_word' id='word_1_101' title='bbox 633 1749 762 1777; x_wconf 89' lang='lat' dir='ltr'>dicentes</span> <span class='ocrx_word' id='word_1_102' title='bbox 774 1749 809 1777; x_wconf 90' lang='lat' dir='ltr'>de</span> <span class='ocrx_word' id='word_1_103' title='bbox 822 1755 933 1778; x_wconf 90' lang='lat' dir='ltr'>armato</span> 
     </span>
     <span class='ocr_line' id='line_1_27' title="bbox 373 1796 933 1834; baseline -0.002 -9"><span class='ocrx_word' id='word_1_104' title='bbox 373 1797 492 1826; x_wconf 84' lang='lat' dir='ltr'>fortiore</span> <span class='ocrx_word' id='word_1_105' title='bbox 514 1796 627 1825; x_wconf 90' lang='lat' dir='ltr'>deuicto</span> <span class='ocrx_word' id='word_1_106' title='bbox 650 1802 677 1824; x_wconf 91' lang='lat' dir='ltr'>et</span> <span class='ocrx_word' id='word_1_107' title='bbox 699 1796 734 1824; x_wconf 91' lang='lat' dir='ltr'>de</span> <span class='ocrx_word' id='word_1_108' title='bbox 757 1797 858 1834; x_wconf 88' lang='lat' dir='ltr'>spiritu</span> <span class='ocrx_word' id='word_1_109' title='bbox 880 1797 933 1824; x_wconf 92' lang='lat' dir='ltr'>im—</span> 
     </span>
     <span class='ocr_line' id='line_1_28' title="bbox 374 1843 932 1881; baseline 0 -9"><span class='ocrx_word' id='word_1_110' title='bbox 374 1843 484 1872; x_wconf 87' lang='lat' dir='ltr'>mundo</span> <span class='ocrx_word' id='word_1_111' title='bbox 510 1843 735 1881; x_wconf 84' lang='lat' dir='ltr'>septempliciter</span> <span class='ocrx_word' id='word_1_112' title='bbox 759 1844 789 1871; x_wconf 91' lang='lat' dir='ltr'>in</span> <span class='ocrx_word' id='word_1_113' title='bbox 815 1843 932 1872; x_wconf 85' lang='lat' dir='ltr'>homine</span> 
     </span>
     <span class='ocr_line' id='line_1_29' title="bbox 375 1890 677 1928; baseline -0.007 -9"><span class='ocrx_word' id='word_1_114' title='bbox 375 1899 509 1928; x_wconf 87' lang='lat' dir='ltr'>regresso</span> <span class='ocrx_word' id='word_1_115' title='bbox 524 1890 677 1927; x_wconf 86' lang='lat' dir='ltr'>redarguit.</span> 
     </span>
    </p>

    <p class='ocr_par' dir='ltr' id='par_1_9' title="bbox 334 1937 934 2201">
     <span class='ocr_line' id='line_1_30' title="bbox 334 1937 933 1966; baseline 0 -1"><span class='ocrx_word' id='word_1_116' title='bbox 334 1937 474 1966; x_wconf 91' lang='lat' dir='ltr'>XLVIII.</span> <span class='ocrx_word' id='word_1_117' title='bbox 496 1937 680 1965; x_wconf 82' lang='lat' dir='ltr'>Exclamanti</span> <span class='ocrx_word' id='word_1_118' title='bbox 693 1937 805 1965; x_wconf 85' lang='lat' dir='ltr'>mulieri</span> <span class='ocrx_word' id='word_1_119' title='bbox 818 1938 933 1965; x_wconf 79' lang='lat' dir='ltr'>beatum</span> 
     </span>
     <span class='ocr_line' id='line_1_31' title="bbox 374 1984 933 2021; baseline -0.002 -8"><span class='ocrx_word' id='word_1_120' title='bbox 374 1994 437 2013; x_wconf 89' lang='lat' dir='ltr'>esse</span> <span class='ocrx_word' id='word_1_121' title='bbox 466 1990 597 2012; x_wconf 88' lang='lat' dir='ltr'>uentrem</span> <span class='ocrx_word' id='word_1_122' title='bbox 623 1984 672 2021; x_wconf 91' lang='lat' dir='ltr'>qui</span> <span class='ocrx_word' id='word_1_123' title='bbox 698 1993 765 2012; x_wconf 86' lang='lat' dir='ltr'>eum</span> <span class='ocrx_word' id='word_1_124' title='bbox 791 1990 933 2021; x_wconf 74' lang='lat' dir='ltr'>portasset</span> 
     </span>
     <span class='ocr_line' id='line_1_32' title="bbox 373 2031 934 2069; baseline -0.004 -9"><span class='ocrx_word' id='word_1_125' title='bbox 373 2031 523 2069; x_wconf 88' lang='lat' dir='ltr'>respondit</span> <span class='ocrx_word' id='word_1_126' title='bbox 553 2039 616 2059; x_wconf 87' lang='lat' dir='ltr'>esse</span> <span class='ocrx_word' id='word_1_127' title='bbox 644 2040 711 2059; x_wconf 90' lang='lat' dir='ltr'>eum</span> <span class='ocrx_word' id='word_1_128' title='bbox 739 2031 856 2059; x_wconf 85' lang='lat' dir='ltr'>beatum</span> <span class='ocrx_word' id='word_1_129' title='bbox 886 2031 934 2068; x_wconf 89' lang='lat' dir='ltr'>qui</span> 
     </span>
     <span class='ocr_line' id='line_1_33' title="bbox 374 2077 934 2114; baseline -0.002 -8"><span class='ocrx_word' id='word_1_130' title='bbox 374 2078 531 2106; x_wconf 88' lang='lat' dir='ltr'>seruauerit</span> <span class='ocrx_word' id='word_1_131' title='bbox 545 2078 666 2106; x_wconf 89' lang='lat' dir='ltr'>uerbum</span> <span class='ocrx_word' id='word_1_132' title='bbox 683 2077 729 2106; x_wconf 90' lang='lat' dir='ltr'>dei</span> <span class='ocrx_word' id='word_1_133' title='bbox 747 2082 773 2105; x_wconf 88' lang='lat' dir='ltr'>et</span> <span class='ocrx_word' id='word_1_134' title='bbox 794 2077 829 2105; x_wconf 93' lang='lat' dir='ltr'>de</span> <span class='ocrx_word' id='word_1_135' title='bbox 850 2078 934 2114; x_wconf 85' lang='lat' dir='ltr'>signo</span> 
     </span>
     <span class='ocr_line' id='line_1_34' title="bbox 374 2124 934 2162; baseline -0.002 -9"><span class='ocrx_word' id='word_1_136' title='bbox 374 2126 459 2153; x_wconf 87' lang='lat' dir='ltr'>ionae</span> <span class='ocrx_word' id='word_1_137' title='bbox 477 2125 577 2153; x_wconf 86' lang='lat' dir='ltr'>dicens</span> <span class='ocrx_word' id='word_1_138' title='bbox 595 2125 726 2162; x_wconf 84' lang='lat' dir='ltr'>reginam</span> <span class='ocrx_word' id='word_1_139' title='bbox 744 2124 833 2153; x_wconf 85' lang='lat' dir='ltr'>austri</span> <span class='ocrx_word' id='word_1_140' title='bbox 854 2134 934 2153; x_wconf 89' lang='lat' dir='ltr'>com-</span> 
     </span>
     <span class='ocr_line' id='line_1_35' title="bbox 375 2178 528 2201; baseline -0.007 0"><span class='ocrx_word' id='word_1_141' title='bbox 375 2178 528 2201; x_wconf 88' lang='lat' dir='ltr'>memorat.</span> 
     </span>
    </p>
   </div>
   <div class='ocr_carea' id='block_1_6' title="bbox 812 247 1466 281">
    <p class='ocr_par' dir='ltr' id='par_1_10' title="bbox 812 247 1466 281">
     <span class='ocr_line' id='line_1_36' title="bbox 812 247 1466 281; baseline -0.008 0"><span class='ocrx_word' id='word_1_142' title='bbox 812 252 864 281; x_wconf 87' lang='lat' dir='ltr'>CA</span> <span class='ocrx_word' id='word_1_143' title='bbox 871 250 1038 280; x_wconf 84' lang='lat' dir='ltr'><em>PITULA</em></span> <span class='ocrx_word' id='word_1_144' title='bbox 1067 250 1126 278; x_wconf 89' lang='lat' dir='ltr'>IN</span> <span class='ocrx_word' id='word_1_145' title='bbox 1147 247 1466 278; x_wconf 72' lang='lat' dir='ltr'><em>EUANGELIUM</em></span> 
     </span>
    </p>
   </div>
   <div class='ocr_carea' id='block_1_7' title="bbox 1018 334 1437 1116">
    <p class='ocr_par' dir='ltr' id='par_1_11' title="bbox 1170 334 1248 362">
     <span class='ocr_line' id='line_1_37' title="bbox 1170 334 1248 362; baseline -0.013 -5"><span class='ocrx_word' id='word_1_146' title='bbox 1170 334 1248 362; x_wconf 62' lang='lat' dir='ltr'>CtT).</span> 
     </span>
    </p>

    <p class='ocr_par' dir='ltr' id='par_1_12' title="bbox 1027 380 1436 550">
     <span class='ocr_line' id='line_1_38' title="bbox 1027 380 1436 416; baseline -0.007 -7"><span class='ocrx_word' id='word_1_147' title='bbox 1027 381 1065 409; x_wconf 85' lang='lat' dir='ltr'>Et</span> <span class='ocrx_word' id='word_1_148' title='bbox 1093 380 1212 409; x_wconf 88' lang='lat' dir='ltr'>homnia</span> <span class='ocrx_word' id='word_1_149' title='bbox 1236 380 1287 408; x_wconf 87' lang='lat' dir='ltr'>sibi</span> <span class='ocrx_word' id='word_1_150' title='bbox 1313 388 1330 407; x_wconf 90' lang='lat' dir='ltr'>a</span> <span class='ocrx_word' id='word_1_151' title='bbox 1354 384 1436 416; x_wconf 88' lang='lat' dir='ltr'>patre</span> 
     </span>
     <span class='ocr_line' id='line_1_39' title="bbox 1068 426 1435 462; baseline -0.005 -7"><span class='ocrx_word' id='word_1_152' title='bbox 1068 427 1170 456; x_wconf 85' lang='lat' dir='ltr'>tradita</span> <span class='ocrx_word' id='word_1_153' title='bbox 1179 426 1341 454; x_wconf 89' lang='lat' dir='ltr'>manifestat</span> <span class='ocrx_word' id='word_1_154' title='bbox 1348 434 1435 462; x_wconf 87' lang='lat' dir='ltr'>quem</span> 
     </span>
     <span class='ocr_line' id='line_1_40' title="bbox 1068 473 1435 503; baseline -0.005 -1"><span class='ocrx_word' id='word_1_155' title='bbox 1068 475 1217 503; x_wconf 91' lang='lat' dir='ltr'>neminem</span> <span class='ocrx_word' id='word_1_156' title='bbox 1254 474 1308 501; x_wconf 87' lang='lat' dir='ltr'>nisi</span> <span class='ocrx_word' id='word_1_157' title='bbox 1345 473 1435 501; x_wconf 88' lang='lat' dir='ltr'>filium</span> 
     </span>
     <span class='ocr_line' id='line_1_41' title="bbox 1068 521 1307 550; baseline -0.004 0"><span class='ocrx_word' id='word_1_158' title='bbox 1068 531 1154 550; x_wconf 91' lang='lat' dir='ltr'>nosse</span> <span class='ocrx_word' id='word_1_159' title='bbox 1170 521 1307 550; x_wconf 83' lang='lat' dir='ltr'>declarat.</span> 
     </span>
    </p>

    <p class='ocr_par' dir='ltr' id='par_1_13' title="bbox 1028 567 1436 700">
     <span class='ocr_line' id='line_1_42' title="bbox 1028 567 1436 606; baseline -0.002 -10"><span class='ocrx_word' id='word_1_160' title='bbox 1028 568 1191 606; x_wconf 85' lang='lat' dir='ltr'>Beatosque</span> <span class='ocrx_word' id='word_1_161' title='bbox 1227 567 1350 596; x_wconf 91' lang='lat' dir='ltr'>hoculos</span> <span class='ocrx_word' id='word_1_162' title='bbox 1386 567 1436 604; x_wconf 89' lang='lat' dir='ltr'>qui</span> 
     </span>
     <span class='ocr_line' id='line_1_43' title="bbox 1067 614 1436 652; baseline 0 -9"><span class='ocrx_word' id='word_1_163' title='bbox 1067 616 1192 644; x_wconf 92' lang='lat' dir='ltr'>uiderint</span> <span class='ocrx_word' id='word_1_164' title='bbox 1216 615 1245 644; x_wconf 90' lang='lat' dir='ltr'>id</span> <span class='ocrx_word' id='word_1_165' title='bbox 1266 614 1346 652; x_wconf 90' lang='lat' dir='ltr'>quod</span> <span class='ocrx_word' id='word_1_166' title='bbox 1371 624 1436 652; x_wconf 93' lang='lat' dir='ltr'>pro-</span> 
     </span>
     <span class='ocr_line' id='line_1_44' title="bbox 1068 662 1382 700; baseline -0.006 -9"><span class='ocrx_word' id='word_1_167' title='bbox 1068 662 1161 700; x_wconf 88' lang='lat' dir='ltr'>phetis</span> <span class='ocrx_word' id='word_1_168' title='bbox 1177 671 1236 690; x_wconf 90' lang='lat' dir='ltr'>non</span> <span class='ocrx_word' id='word_1_169' title='bbox 1253 662 1382 699; x_wconf 85' lang='lat' dir='ltr'>contigit.</span> 
     </span>
    </p>

    <p class='ocr_par' dir='ltr' id='par_1_14' title="bbox 1027 710 1436 842">
     <span class='ocr_line' id='line_1_45' title="bbox 1027 710 1436 747; baseline -0.005 -9"><span class='ocrx_word' id='word_1_170' title='bbox 1027 711 1054 738; x_wconf 90' lang='lat' dir='ltr'><strong>A</strong></span> <span class='ocrx_word' id='word_1_171' title='bbox 1082 710 1249 747; x_wconf 78' lang='lat' dir='ltr'>legisperito</span> <span class='ocrx_word' id='word_1_172' title='bbox 1281 713 1436 746; x_wconf 89' lang='lat' dir='ltr'>temptatus</span> 
     </span>
     <span class='ocr_line' id='line_1_46' title="bbox 1068 755 1436 794; baseline -0.005 -9"><span class='ocrx_word' id='word_1_173' title='bbox 1068 757 1206 785; x_wconf 90' lang='lat' dir='ltr'>mandata</span> <span class='ocrx_word' id='word_1_174' title='bbox 1221 757 1269 784; x_wconf 90' lang='lat' dir='ltr'>dat</span> <span class='ocrx_word' id='word_1_175' title='bbox 1285 766 1360 794; x_wconf 87' lang='lat' dir='ltr'>quae</span> <span class='ocrx_word' id='word_1_176' title='bbox 1376 755 1436 784; x_wconf 88' lang='lat' dir='ltr'>fieri</span> 
     </span>
     <span class='ocr_line' id='line_1_47' title="bbox 1068 804 1371 842; baseline -0.003 -10"><span class='ocrx_word' id='word_1_177' title='bbox 1068 804 1211 842; x_wconf 86' lang='lat' dir='ltr'>praecipit</span> <span class='ocrx_word' id='word_1_178' title='bbox 1226 804 1371 832; x_wconf 90' lang='lat' dir='ltr'>dominus.</span> 
     </span>
    </p>

    <p class='ocr_par' dir='ltr' id='par_1_15' title="bbox 1018 851 1437 1029">
     <span class='ocr_line' id='line_1_48' title="bbox 1018 851 1437 887; baseline -0.007 -7"><span class='ocrx_word' id='word_1_179' title='bbox 1018 851 1193 880; x_wconf 89' lang='lat' dir='ltr'>Parabulam</span> <span class='ocrx_word' id='word_1_180' title='bbox 1199 851 1340 879; x_wconf 87' lang='lat' dir='ltr'>uulnerati</span> <span class='ocrx_word' id='word_1_181' title='bbox 1348 859 1437 887; x_wconf 87' lang='lat' dir='ltr'>quem</span> 
     </span>
     <span class='ocr_line' id='line_1_49' title="bbox 1069 897 1437 934; baseline -0.003 -8"><span class='ocrx_word' id='word_1_182' title='bbox 1069 898 1155 926; x_wconf 81' lang='lat' dir='ltr'>leuita</span> <span class='ocrx_word' id='word_1_183' title='bbox 1162 903 1189 926; x_wconf 92' lang='lat' dir='ltr'>et</span> <span class='ocrx_word' id='word_1_184' title='bbox 1196 897 1346 926; x_wconf 84' lang='lat' dir='ltr'>sacerdote</span> <span class='ocrx_word' id='word_1_185' title='bbox 1356 906 1437 934; x_wconf 87' lang='lat' dir='ltr'>prae-</span> 
     </span>
     <span class='ocr_line' id='line_1_50' title="bbox 1070 944 1437 974; baseline -0.005 -1"><span class='ocrx_word' id='word_1_186' title='bbox 1070 950 1201 974; x_wconf 88' lang='lat' dir='ltr'>tereunte</span> <span class='ocrx_word' id='word_1_187' title='bbox 1245 944 1437 973; x_wconf 86' lang='lat' dir='ltr'>samaritanus</span> 
     </span>
     <span class='ocr_line' id='line_1_51' title="bbox 1069 993 1184 1029; baseline -0.009 -8"><span class='ocrx_word' id='word_1_188' title='bbox 1069 993 1184 1029; x_wconf 83' lang='lat' dir='ltr'>colligit.</span> 
     </span>
    </p>

    <p class='ocr_par' dir='ltr' id='par_1_16' title="bbox 1028 1040 1437 1116">
     <span class='ocr_line' id='line_1_52' title="bbox 1028 1040 1437 1078; baseline -0.007 -9"><span class='ocrx_word' id='word_1_189' title='bbox 1028 1040 1108 1078; x_wconf 88' lang='lat' dir='ltr'>Aput</span> <span class='ocrx_word' id='word_1_190' title='bbox 1118 1045 1241 1068; x_wconf 87' lang='lat' dir='ltr'>martam</span> <span class='ocrx_word' id='word_1_191' title='bbox 1251 1044 1362 1076; x_wconf 90' lang='lat' dir='ltr'>partem</span> <span class='ocrx_word' id='word_1_192' title='bbox 1368 1047 1437 1067; x_wconf 92' lang='lat' dir='ltr'>con-</span> 
     </span>
     <span class='ocr_line' id='line_1_53' title="bbox 1069 1088 1177 1116; baseline -0.009 0"><span class='ocrx_word' id='word_1_193' title='bbox 1069 1088 1177 1116; x_wconf 84' lang='lat' dir='ltr'>laudat.</span> 
     </span>
    </p>
   </div>
   <div class='ocr_carea' id='block_1_8' title="bbox 987 1229 1438 1776">
    <p class='ocr_par' dir='ltr' id='par_1_17' title="bbox 987 1229 1437 1351">
     <span class='ocr_line' id='line_1_54' title="bbox 987 1229 1437 1258; baseline -0.004 -1"><span class='ocrx_word' id='word_1_194' title='bbox 987 1231 1049 1258; x_wconf 89' lang='lat' dir='ltr'>XI.</span> <span class='ocrx_word' id='word_1_195' title='bbox 1093 1231 1174 1257; x_wconf 84' lang='lat' dir='ltr'>Post</span> <span class='ocrx_word' id='word_1_196' title='bbox 1225 1229 1437 1257; x_wconf 78' lang='lat' dir='ltr'>horationem</span> 
     </span>
     <span class='ocr_line' id='line_1_55' title="bbox 1068 1277 1437 1311; baseline -0.005 -7"><span class='ocrx_word' id='word_1_197' title='bbox 1068 1278 1241 1311; x_wconf 77' lang='lat' dir='ltr'>propriam</span> <span class='ocrx_word' id='word_1_198' title='bbox 1263 1278 1363 1304; x_wconf 81' lang='lat' dir='ltr'>docet</span> <span class='ocrx_word' id='word_1_199' title='bbox 1381 1277 1437 1303; x_wconf 91' lang='lat' dir='ltr'>ho-</span> 
     </span>
     <span class='ocr_line' id='line_1_56' title="bbox 1069 1325 1245 1351; baseline 0 0"><span class='ocrx_word' id='word_1_200' title='bbox 1069 1325 1245 1351; x_wconf 82' lang='lat' dir='ltr'>rationem.</span> 
     </span>
    </p>

    <p class='ocr_par' dir='ltr' id='par_1_18' title="bbox 1027 1368 1438 1502">
     <span class='ocr_line' id='line_1_57' title="bbox 1027 1368 1437 1407; baseline -0.007 -8"><span class='ocrx_word' id='word_1_201' title='bbox 1027 1370 1065 1399; x_wconf 87' lang='lat' dir='ltr'>Et</span> <span class='ocrx_word' id='word_1_202' title='bbox 1086 1370 1257 1407; x_wconf 87' lang='lat' dir='ltr'>parabulam</span> <span class='ocrx_word' id='word_1_203' title='bbox 1275 1369 1357 1406; x_wconf 89' lang='lat' dir='ltr'>ponit</span> <span class='ocrx_word' id='word_1_204' title='bbox 1377 1368 1437 1397; x_wconf 90' lang='lat' dir='ltr'>eius</span> 
     </span>
     <span class='ocr_line' id='line_1_58' title="bbox 1069 1416 1438 1455; baseline -0.005 -10"><span class='ocrx_word' id='word_1_205' title='bbox 1069 1418 1119 1455; x_wconf 91' lang='lat' dir='ltr'>qui</span> <span class='ocrx_word' id='word_1_206' title='bbox 1134 1422 1252 1454; x_wconf 88' lang='lat' dir='ltr'>propter</span> <span class='ocrx_word' id='word_1_207' title='bbox 1266 1416 1374 1444; x_wconf 87' lang='lat' dir='ltr'>tedium</span> <span class='ocrx_word' id='word_1_208' title='bbox 1389 1416 1438 1443; x_wconf 85' lang='lat' dir='ltr'>dat</span> 
     </span>
     <span class='ocr_line' id='line_1_59' title="bbox 1067 1465 1356 1502; baseline -0.01 -9"><span class='ocrx_word' id='word_1_209' title='bbox 1067 1465 1223 1502; x_wconf 87' lang='lat' dir='ltr'>postulanti</span> <span class='ocrx_word' id='word_1_210' title='bbox 1240 1472 1356 1501; x_wconf 89' lang='lat' dir='ltr'>panem.</span> 
     </span>
    </p>

    <p class='ocr_par' dir='ltr' id='par_1_19' title="bbox 1027 1512 1435 1643">
     <span class='ocr_line' id='line_1_60' title="bbox 1027 1512 1435 1548; baseline -0.005 -8"><span class='ocrx_word' id='word_1_211' title='bbox 1027 1512 1191 1540; x_wconf 87' lang='lat' dir='ltr'>Petendum</span> <span class='ocrx_word' id='word_1_212' title='bbox 1220 1520 1282 1539; x_wconf 85' lang='lat' dir='ltr'>esse</span> <span class='ocrx_word' id='word_1_213' title='bbox 1312 1519 1435 1548; x_wconf 88' lang='lat' dir='ltr'>queren-</span> 
     </span>
     <span class='ocr_line' id='line_1_61' title="bbox 1068 1558 1434 1595; baseline -0.005 -8"><span class='ocrx_word' id='word_1_214' title='bbox 1068 1559 1137 1587; x_wconf 90' lang='lat' dir='ltr'>dum</span> <span class='ocrx_word' id='word_1_215' title='bbox 1153 1563 1180 1586; x_wconf 89' lang='lat' dir='ltr'>et</span> <span class='ocrx_word' id='word_1_216' title='bbox 1195 1558 1370 1595; x_wconf 82' lang='lat' dir='ltr'>pulsandum</span> <span class='ocrx_word' id='word_1_217' title='bbox 1386 1567 1434 1586; x_wconf 83' lang='lat' dir='ltr'>ex-</span> 
     </span>
     <span class='ocr_line' id='line_1_62' title="bbox 1069 1605 1335 1643; baseline -0.008 -8"><span class='ocrx_word' id='word_1_218' title='bbox 1069 1606 1172 1643; x_wconf 88' lang='lat' dir='ltr'>emplis</span> <span class='ocrx_word' id='word_1_219' title='bbox 1188 1605 1335 1634; x_wconf 83' lang='lat' dir='ltr'>adserens.</span> 
     </span>
    </p>

    <p class='ocr_par' dir='ltr' id='par_1_20' title="bbox 1026 1652 1435 1776">
     <span class='ocr_line' id='line_1_63' title="bbox 1026 1652 1435 1682; baseline -0.005 -1"><span class='ocrx_word' id='word_1_220' title='bbox 1026 1653 1224 1682; x_wconf 88' lang='lat' dir='ltr'>Daemonium</span> <span class='ocrx_word' id='word_1_221' title='bbox 1254 1652 1379 1681; x_wconf 88' lang='lat' dir='ltr'>aeiciens</span> <span class='ocrx_word' id='word_1_222' title='bbox 1406 1652 1435 1680; x_wconf 90' lang='lat' dir='ltr'>in</span> 
     </span>
     <span class='ocr_line' id='line_1_64' title="bbox 1067 1700 1434 1738; baseline -0.005 -10"><span class='ocrx_word' id='word_1_223' title='bbox 1067 1701 1198 1738; x_wconf 85' lang='lat' dir='ltr'>principe</span> <span class='ocrx_word' id='word_1_224' title='bbox 1266 1700 1434 1728; x_wconf 90' lang='lat' dir='ltr'>daemonio-</span> 
     </span>
     <span class='ocr_line' id='line_1_65' title="bbox 1066 1746 1434 1776; baseline 0 -1"><span class='ocrx_word' id='word_1_225' title='bbox 1066 1757 1131 1776; x_wconf 89' lang='lat' dir='ltr'>rum</span> <span class='ocrx_word' id='word_1_226' title='bbox 1168 1747 1197 1775; x_wconf 93' lang='lat' dir='ltr'>id</span> <span class='ocrx_word' id='word_1_227' title='bbox 1234 1756 1301 1775; x_wconf 90' lang='lat' dir='ltr'>eum</span> <span class='ocrx_word' id='word_1_228' title='bbox 1342 1746 1434 1775; x_wconf 89' lang='lat' dir='ltr'>facere</span> 
     </span>
    </p>
   </div>
   <div class='ocr_carea' id='block_1_9' title="bbox 1067 1794 1378 1833">
    <p class='ocr_par' dir='ltr' id='par_1_21' title="bbox 1067 1794 1378 1833">
     <span class='ocr_line' id='line_1_66' title="bbox 1067 1794 1378 1833; baseline -0.006 -10"><span class='ocrx_word' id='word_1_229' title='bbox 1067 1795 1216 1833; x_wconf 87' lang='lat' dir='ltr'>phariseos</span> <span class='ocrx_word' id='word_1_230' title='bbox 1232 1794 1378 1822; x_wconf 88' lang='lat' dir='ltr'>destruxit.</span> 
     </span>
    </p>
   </div>
   <div class='ocr_carea' id='block_1_10' title="bbox 1027 1935 1435 2200">
    <p class='ocr_par' dir='ltr' id='par_1_22' title="bbox 1029 1935 1434 2011">
     <span class='ocr_line' id='line_1_67' title="bbox 1029 1935 1434 1974; baseline -0.002 -10"><span class='ocrx_word' id='word_1_231' title='bbox 1029 1935 1193 1974; x_wconf 81' lang='lat' dir='ltr'>Beatosque</span> <span class='ocrx_word' id='word_1_232' title='bbox 1219 1935 1286 1964; x_wconf 91' lang='lat' dir='ltr'>dicit</span> <span class='ocrx_word' id='word_1_233' title='bbox 1310 1936 1359 1973; x_wconf 89' lang='lat' dir='ltr'>qui</span> <span class='ocrx_word' id='word_1_234' title='bbox 1385 1944 1434 1963; x_wconf 88' lang='lat' dir='ltr'>au-</span> 
     </span>
     <span class='ocr_line' id='line_1_68' title="bbox 1069 1982 1356 2011; baseline -0.003 0"><span class='ocrx_word' id='word_1_235' title='bbox 1069 1984 1150 2011; x_wconf 87' lang='lat' dir='ltr'>diunt</span> <span class='ocrx_word' id='word_1_236' title='bbox 1165 1984 1286 2011; x_wconf 87' lang='lat' dir='ltr'>uerbum</span> <span class='ocrx_word' id='word_1_237' title='bbox 1302 1982 1356 2010; x_wconf 92' lang='lat' dir='ltr'>dei.</span> 
     </span>
    </p>

    <p class='ocr_par' dir='ltr' id='par_1_23' title="bbox 1027 2030 1352 2067">
     <span class='ocr_line' id='line_1_69' title="bbox 1027 2030 1352 2067; baseline -0.003 -8"><span class='ocrx_word' id='word_1_238' title='bbox 1027 2030 1110 2059; x_wconf 87' lang='lat' dir='ltr'>Dans</span> <span class='ocrx_word' id='word_1_239' title='bbox 1126 2031 1242 2067; x_wconf 85' lang='lat' dir='ltr'>signum</span> <span class='ocrx_word' id='word_1_240' title='bbox 1259 2031 1352 2058; x_wconf 79' lang='lat' dir='ltr'>ionae.</span> 
     </span>
    </p>

    <p class='ocr_par' dir='ltr' id='par_1_24' title="bbox 1028 2077 1296 2114">
     <span class='ocr_line' id='line_1_70' title="bbox 1028 2077 1296 2114; baseline -0.004 -9"><span class='ocrx_word' id='word_1_241' title='bbox 1028 2078 1052 2105; x_wconf 84' lang='lat' dir='ltr'>E</span> <span class='ocrx_word' id='word_1_242' title='bbox 1068 2078 1183 2114; x_wconf 81' lang='lat' dir='ltr'>reginae</span> <span class='ocrx_word' id='word_1_243' title='bbox 1199 2077 1296 2106; x_wconf 84' lang='lat' dir='ltr'>austri.</span> 
     </span>
    </p>

    <p class='ocr_par' dir='ltr' id='par_1_25' title="bbox 1027 2123 1435 2200">
     <span class='ocr_line' id='line_1_71' title="bbox 1027 2123 1435 2153; baseline 0 -1"><span class='ocrx_word' id='word_1_244' title='bbox 1027 2125 1065 2153; x_wconf 83' lang='lat' dir='ltr'>Et</span> <span class='ocrx_word' id='word_1_245' title='bbox 1079 2124 1222 2152; x_wconf 88' lang='lat' dir='ltr'>nineuites</span> <span class='ocrx_word' id='word_1_246' title='bbox 1237 2124 1305 2152; x_wconf 91' lang='lat' dir='ltr'>dicit</span> <span class='ocrx_word' id='word_1_247' title='bbox 1321 2123 1350 2151; x_wconf 90' lang='lat' dir='ltr'>in</span> <span class='ocrx_word' id='word_1_248' title='bbox 1363 2123 1435 2153; x_wconf 86' lang='lat' dir='ltr'>iudi-</span> 
     </span>
     <span class='ocr_line' id='line_1_72' title="bbox 1069 2171 1318 2200; baseline -0.008 0"><span class='ocrx_word' id='word_1_249' title='bbox 1069 2172 1116 2200; x_wconf 91' lang='lat' dir='ltr'>cio</span> <span class='ocrx_word' id='word_1_250' title='bbox 1132 2171 1191 2200; x_wconf 83' lang='lat' dir='ltr'>fore</span> <span class='ocrx_word' id='word_1_251' title='bbox 1208 2172 1318 2199; x_wconf 85' lang='lat' dir='ltr'>beatos.</span> 
     </span>
    </p>
   </div>
   <div class='ocr_carea' id='block_1_11' title="bbox 333 2231 1430 2237">
    <p class='ocr_par' dir='ltr' id='par_1_26' title="bbox 333 2231 1430 2237">
     <span class='ocr_line' id='line_1_73' title="bbox 333 2231 1430 2237; baseline 0 0"><span class='ocrx_word' id='word_1_252' title='bbox 333 2231 1430 2237; x_wconf 95' lang='lat' dir='ltr'> </span> 
     </span>
    </p>
   </div>
   <div class='ocr_carea' id='block_1_12' title="bbox 333 2264 935 2623">
    <p class='ocr_par' dir='ltr' id='par_1_27' title="bbox 334 2264 935 2322">
     <span class='ocr_line' id='line_1_74' title="bbox 367 2264 935 2295; baseline -0.004 -6"><span class='ocrx_word' id='word_1_253' title='bbox 367 2265 448 2289; x_wconf 87' lang='lat' dir='ltr'>XLII.</span> <span class='ocrx_word' id='word_1_254' title='bbox 476 2269 502 2291; x_wconf 93' lang='lat'>&gt;</span> <span class='ocrx_word' id='word_1_255' title='bbox 512 2265 620 2288; x_wconf 78' lang='lat' dir='ltr'>edicetur</span> <span class='ocrx_word' id='word_1_256' title='bbox 643 2264 699 2294; x_wconf 77' lang='lat' dir='ltr'><em>(sic)</em></span> <span class='ocrx_word' id='word_1_257' title='bbox 727 2264 751 2287; x_wconf 88' lang='lat' dir='ltr'>in</span> <span class='ocrx_word' id='word_1_258' title='bbox 780 2264 873 2295; x_wconf 86' lang='lat' dir='ltr'>gaudio</span> <span class='ocrx_word' id='word_1_259' title='bbox 900 2264 935 2288; x_wconf 92' lang='lat' dir='ltr'>H.</span> 
     </span>
     <span class='ocr_line' id='line_1_75' title="bbox 334 2297 927 2322; baseline -0.003 0"><span class='ocrx_word' id='word_1_260' title='bbox 334 2300 424 2322; x_wconf 79' lang='lat' dir='ltr'>iustos</span> <span class='ocrx_word' id='word_1_261' title='bbox 433 2305 449 2321; x_wconf 61' lang='grc'>4-</span> <span class='ocrx_word' id='word_1_262' title='bbox 458 2298 566 2321; x_wconf 85' lang='lat' dir='ltr'>uoluisse</span> <span class='ocrx_word' id='word_1_263' title='bbox 578 2297 661 2321; x_wconf 87' lang='lat' dir='ltr'>uidere</span> <span class='ocrx_word' id='word_1_264' title='bbox 674 2297 709 2320; x_wconf 90' lang='lat' dir='ltr'>H.</span> <span class='ocrx_word' id='word_1_265' title='bbox 743 2304 801 2320; x_wconf 88' lang='lat' dir='ltr'>non</span> <span class='ocrx_word' id='word_1_266' title='bbox 813 2305 817 2320; x_wconf 74' lang='grc' dir='ltr'><em>ι</em></span> <span class='ocrx_word' id='word_1_267' title='bbox 837 2305 880 2320; x_wconf 88' lang='lat' dir='ltr'>nec</span> <span class='ocrx_word' id='word_1_268' title='bbox 894 2298 927 2320; x_wconf 90' lang='lat' dir='ltr'>H.</span> 
     </span>
    </p>

    <p class='ocr_par' dir='ltr' id='par_1_28' title="bbox 333 2330 796 2394">
     <span class='ocr_line' id='line_1_76' title="bbox 367 2330 676 2361; baseline 0 -7"><span class='ocrx_word' id='word_1_269' title='bbox 367 2331 463 2354; x_wconf 87' lang='lat' dir='ltr'>XLIII.</span> <span class='ocrx_word' id='word_1_270' title='bbox 482 2330 626 2361; x_wconf 81' lang='lat' dir='ltr'>quaerenti.</span> <span class='ocrx_word' id='word_1_271' title='bbox 645 2348 651 2353; x_wconf 86' lang='lat'>.</span> <span class='ocrx_word' id='word_1_272' title='bbox 671 2349 676 2354; x_wconf 94' lang='lat'>.</span> 
     </span>
     <span class='ocr_line' id='line_1_77' title="bbox 333 2363 796 2394; baseline -0.004 -7"><span class='ocrx_word' id='word_1_273' title='bbox 333 2365 466 2387; x_wconf 77' lang='lat' dir='ltr'>suscitante</span> <span class='ocrx_word' id='word_1_274' title='bbox 479 2363 509 2387; x_wconf 93' lang='lat' dir='ltr'>V.</span> <span class='ocrx_word' id='word_1_275' title='bbox 545 2363 671 2394; x_wconf 81' lang='lat' dir='ltr'>praecepit</span> <span class='ocrx_word' id='word_1_276' title='bbox 684 2363 709 2386; x_wconf 90' lang='lat' dir='ltr'><strong>H</strong></span> <span class='ocrx_word' id='word_1_277' title='bbox 719 2363 796 2386; x_wconf 83' lang='lat' dir='ltr'>Harl.</span> 
     </span>
    </p>

    <p class='ocr_par' dir='ltr' id='par_1_29' title="bbox 333 2395 935 2453">
     <span class='ocr_line' id='line_1_78' title="bbox 367 2395 935 2427; baseline -0.002 -8"><span class='ocrx_word' id='word_1_278' title='bbox 367 2396 445 2419; x_wconf 85' lang='lat' dir='ltr'>XLV.</span> <span class='ocrx_word' id='word_1_279' title='bbox 465 2404 479 2419; x_wconf 88' lang='lat' dir='ltr'>a</span> <span class='ocrx_word' id='word_1_280' title='bbox 489 2396 520 2427; x_wconf 88' lang='lat' dir='ltr'>(z&#39;.</span> <span class='ocrx_word' id='word_1_281' title='bbox 528 2404 547 2420; x_wconf 81' lang='lat' dir='ltr'>c.</span> <span class='ocrx_word' id='word_1_282' title='bbox 555 2396 598 2425; x_wconf 89' lang='lat' dir='ltr'>ad)</span> <span class='ocrx_word' id='word_1_283' title='bbox 608 2396 744 2427; x_wconf 79' lang='lat' dir='ltr'>discipulos</span> <span class='ocrx_word' id='word_1_284' title='bbox 755 2395 805 2418; x_wconf 79' lang='grc' dir='ltr'>ΗΥ</span> <span class='ocrx_word' id='word_1_285' title='bbox 813 2395 856 2419; x_wconf 82' lang='lat' dir='ltr'>sed</span> <span class='ocrx_word' id='word_1_286' title='bbox 865 2396 935 2419; x_wconf 78' lang='lat' dir='ltr'>male.</span> 
     </span>
     <span class='ocr_line' id='line_1_79' title="bbox 333 2429 481 2453; baseline -0.014 0"><span class='ocrx_word' id='word_1_287' title='bbox 333 2429 433 2453; x_wconf 83' lang='lat' dir='ltr'>tradidit</span> <span class='ocrx_word' id='word_1_288' title='bbox 447 2429 481 2451; x_wconf 90' lang='lat' dir='ltr'>H.</span> 
     </span>
    </p>

    <p class='ocr_par' dir='ltr' id='par_1_30' title="bbox 335 2461 935 2525">
     <span class='ocr_line' id='line_1_80' title="bbox 368 2461 935 2492; baseline 0 -8"><span class='ocrx_word' id='word_1_289' title='bbox 368 2462 458 2484; x_wconf 88' lang='lat' dir='ltr'>XLVI.</span> <span class='ocrx_word' id='word_1_290' title='bbox 477 2463 578 2489; x_wconf 74' lang='lat' dir='ltr'>petiti:</span> <span class='ocrx_word' id='word_1_291' title='bbox 592 2462 685 2492; x_wconf 83' lang='lat' dir='ltr'>petenti</span> <span class='ocrx_word' id='word_1_292' title='bbox 695 2461 784 2485; x_wconf 57' lang='lat' dir='ltr'>Htw-Lo</span> <span class='ocrx_word' id='word_1_293' title='bbox 815 2461 935 2492; x_wconf 81' lang='lat' dir='ltr'>persuasit</span> 
     </span>
     <span class='ocr_line' id='line_1_81' title="bbox 335 2494 635 2525; baseline -0.003 -7"><span class='ocrx_word' id='word_1_294' title='bbox 335 2494 370 2523; x_wconf 77' lang='lat' dir='ltr'>H,</span> <span class='ocrx_word' id='word_1_295' title='bbox 384 2494 514 2525; x_wconf 81' lang='lat' dir='ltr'>persuadet</span> <span class='ocrx_word' id='word_1_296' title='bbox 528 2494 549 2516; x_wconf 97' lang='lat' dir='ltr'>V</span> <span class='ocrx_word' id='word_1_297' title='bbox 559 2494 635 2517; x_wconf 74' lang='lat' dir='ltr'>Harl.</span> 
     </span>
    </p>

    <p class='ocr_par' dir='ltr' id='par_1_31' title="bbox 368 2526 724 2554">
     <span class='ocr_line' id='line_1_82' title="bbox 368 2526 724 2554; baseline 0.003 -5"><span class='ocrx_word' id='word_1_298' title='bbox 368 2527 475 2550; x_wconf 87' lang='lat' dir='ltr'>XLVII.</span> <span class='ocrx_word' id='word_1_299' title='bbox 494 2528 606 2554; x_wconf 78' lang='lat' dir='ltr'>eloquio</span> <span class='ocrx_word' id='word_1_300' title='bbox 618 2534 665 2550; x_wconf 85' lang='lat' dir='ltr'>om.</span> <span class='ocrx_word' id='word_1_301' title='bbox 679 2526 724 2550; x_wconf 86' lang='lat' dir='ltr'>A*.</span> 
     </span>
    </p>

    <p class='ocr_par' dir='ltr' id='par_1_32' title="bbox 334 2559 934 2623">
     <span class='ocr_line' id='line_1_83' title="bbox 367 2559 934 2588; baseline 0.002 -6"><span class='ocrx_word' id='word_1_302' title='bbox 367 2559 487 2583; x_wconf 88' lang='lat' dir='ltr'>XLVIII.</span> <span class='ocrx_word' id='word_1_303' title='bbox 510 2563 536 2586; x_wconf 93' lang='lat'>&gt;</span> <span class='ocrx_word' id='word_1_304' title='bbox 547 2567 603 2583; x_wconf 86' lang='lat' dir='ltr'>eum</span> <span class='ocrx_word' id='word_1_305' title='bbox 612 2567 664 2583; x_wconf 86' lang='lat' dir='ltr'>esse</span> <span class='ocrx_word' id='word_1_306' title='bbox 674 2560 696 2583; x_wconf 91' lang='lat' dir='ltr'>V</span> <span class='ocrx_word' id='word_1_307' title='bbox 707 2567 712 2588; x_wconf 89' lang='lat'>;</span> <span class='ocrx_word' id='word_1_308' title='bbox 734 2563 760 2586; x_wconf 95' lang='lat'>&gt;</span> <span class='ocrx_word' id='word_1_309' title='bbox 772 2560 872 2583; x_wconf 87' lang='lat' dir='ltr'>beatum</span> <span class='ocrx_word' id='word_1_310' title='bbox 882 2567 934 2584; x_wconf 86' lang='lat' dir='ltr'>esse</span> 
     </span>
     <span class='ocr_line' id='line_1_84' title="bbox 334 2592 576 2623; baseline 0 -8"><span class='ocrx_word' id='word_1_311' title='bbox 334 2592 461 2623; x_wconf 84' lang='lat' dir='ltr'>respondit</span> <span class='ocrx_word' id='word_1_312' title='bbox 473 2600 529 2616; x_wconf 86' lang='lat' dir='ltr'>eum</span> <span class='ocrx_word' id='word_1_313' title='bbox 542 2592 576 2615; x_wconf 93' lang='lat' dir='ltr'>H.</span> 
     </span>
    </p>
   </div>
   <div class='ocr_carea' id='block_1_13' title="bbox 695 2330 937 2353">
    <p class='ocr_par' dir='ltr' id='par_1_33' title="bbox 695 2330 937 2353">
     <span class='ocr_line' id='line_1_85' title="bbox 695 2330 937 2353; baseline -0.004 0"><span class='ocrx_word' id='word_1_314' title='bbox 695 2330 830 2353; x_wconf 84' lang='lat' dir='ltr'>sciscitanti</span> <span class='ocrx_word' id='word_1_315' title='bbox 848 2330 937 2353; x_wconf 60' lang='lat' dir='ltr'>Har-hc</span> 
     </span>
    </p>
   </div>
   <div class='ocr_carea' id='block_1_14' title="bbox 957 374 964 2683">
    <p class='ocr_par' dir='ltr' id='par_1_34' title="bbox 957 374 964 2683">
     <span class='ocr_line' id='line_1_86' title="bbox 957 374 964 2683; baseline 0 0"><span class='ocrx_word' id='word_1_316' title='bbox 957 374 964 2683; x_wconf 95' lang='lat' dir='ltr'> </span> 
     </span>
    </p>
   </div>
   <div class='ocr_carea' id='block_1_15' title="bbox 985 2263 1435 2688">
    <p class='ocr_par' dir='ltr' id='par_1_35' title="bbox 987 2263 1435 2419">
     <span class='ocr_line' id='line_1_87' title="bbox 1020 2263 1435 2288; baseline -0.002 0"><span class='ocrx_word' id='word_1_317' title='bbox 1020 2265 1053 2288; x_wconf 89' lang='lat' dir='ltr'>X.</span> <span class='ocrx_word' id='word_1_318' title='bbox 1071 2265 1209 2288; x_wconf 79' lang='lat' dir='ltr'>uiderint:</span> <span class='ocrx_word' id='word_1_319' title='bbox 1226 2263 1336 2287; x_wconf 81' lang='lat' dir='ltr'>uiderent</span> <span class='ocrx_word' id='word_1_320' title='bbox 1350 2264 1435 2287; x_wconf 82' lang='lat' dir='ltr'>Thom.</span> 
     </span>
     <span class='ocr_line' id='line_1_88' title="bbox 987 2297 1435 2327; baseline -0.004 -6"><span class='ocrx_word' id='word_1_321' title='bbox 987 2300 1160 2325; x_wconf 77' lang='lat' dir='ltr'>temptatus:</span> <span class='ocrx_word' id='word_1_322' title='bbox 1189 2300 1324 2327; x_wconf 84' lang='lat' dir='ltr'>temptatur</span> <span class='ocrx_word' id='word_1_323' title='bbox 1351 2297 1374 2319; x_wconf 84' lang='lat' dir='ltr'><em>T</em></span> <span class='ocrx_word' id='word_1_324' title='bbox 1372 2297 1435 2320; x_wconf 76' lang='lat' dir='ltr'>lzom.</span> 
     </span>
     <span class='ocr_line' id='line_1_89' title="bbox 987 2330 1434 2356; baseline -0.004 -2"><span class='ocrx_word' id='word_1_325' title='bbox 987 2339 1032 2354; x_wconf 81' lang='lat' dir='ltr'>om.</span> <span class='ocrx_word' id='word_1_326' title='bbox 1043 2332 1091 2353; x_wconf 76' lang='lat' dir='ltr'>dat</span> <span class='ocrx_word' id='word_1_327' title='bbox 1106 2331 1130 2353; x_wconf 90' lang='lat' dir='ltr'><em>T</em></span> <span class='ocrx_word' id='word_1_328' title='bbox 1128 2330 1191 2353; x_wconf 81' lang='lat' dir='ltr'>lzom.</span> <span class='ocrx_word' id='word_1_329' title='bbox 1226 2332 1434 2356; x_wconf 79' lang='lat' dir='ltr'>praetereunte:</span> 
     </span>
     <span class='ocr_line' id='line_1_90' title="bbox 987 2362 1434 2394; baseline -0.002 -8"><span class='ocrx_word' id='word_1_330' title='bbox 987 2363 1196 2394; x_wconf 82' lang='lat' dir='ltr'>praetereuntibus</span> <span class='ocrx_word' id='word_1_331' title='bbox 1223 2362 1255 2385; x_wconf 82' lang='lat' dir='ltr'>al.</span> <span class='ocrx_word' id='word_1_332' title='bbox 1280 2365 1318 2392; x_wconf 80' lang='lat' dir='ltr'>ap.</span> <span class='ocrx_word' id='word_1_333' title='bbox 1350 2363 1374 2385; x_wconf 85' lang='grc' dir='ltr'><em>Τ</em></span> <span class='ocrx_word' id='word_1_334' title='bbox 1371 2363 1434 2386; x_wconf 78' lang='lat' dir='ltr'>hom.</span> 
     </span>
     <span class='ocr_line' id='line_1_91' title="bbox 987 2395 1332 2419; baseline -0.006 0"><span class='ocrx_word' id='word_1_335' title='bbox 987 2399 1105 2419; x_wconf 77' lang='lat' dir='ltr'>martam</span> <span class='ocrx_word' id='word_1_336' title='bbox 1114 2401 1131 2418; x_wconf 56' lang='grc' dir='ltr'>ψ</span> <span class='ocrx_word' id='word_1_337' title='bbox 1139 2395 1231 2418; x_wconf 80' lang='lat' dir='ltr'>mariae</span> <span class='ocrx_word' id='word_1_338' title='bbox 1248 2396 1272 2418; x_wconf 94' lang='lat' dir='ltr'><em>T</em></span> <span class='ocrx_word' id='word_1_339' title='bbox 1269 2395 1332 2418; x_wconf 77' lang='lat' dir='ltr'>ltom.</span> 
     </span>
    </p>

    <p class='ocr_par' dir='ltr' id='par_1_36' title="bbox 985 2427 1434 2688">
     <span class='ocr_line' id='line_1_92' title="bbox 1021 2427 1434 2458; baseline -0.002 -7"><span class='ocrx_word' id='word_1_340' title='bbox 1021 2429 1066 2452; x_wconf 91' lang='lat' dir='ltr'>XI.</span> <span class='ocrx_word' id='word_1_341' title='bbox 1096 2429 1232 2455; x_wconf 76' lang='lat' dir='ltr'>exemplis</span> <span class='ocrx_word' id='word_1_342' title='bbox 1244 2436 1248 2451; x_wconf 82' lang='lat' dir='ltr'>z</span> <span class='ocrx_word' id='word_1_343' title='bbox 1293 2427 1434 2458; x_wconf 87' lang='lat' dir='ltr'>exemplum</span> 
     </span>
     <span class='ocr_line' id='line_1_93' title="bbox 987 2461 1433 2484; baseline -0.002 0"><span class='ocrx_word' id='word_1_344' title='bbox 987 2461 1058 2484; x_wconf 66' lang='lat' dir='ltr'>Alex.</span> <span class='ocrx_word' id='word_1_345' title='bbox 1068 2468 1096 2484; x_wconf 88' lang='lat' dir='ltr'>lo</span> <span class='ocrx_word' id='word_1_346' title='bbox 1103 2464 1125 2483; x_wconf 71' lang='lat' dir='ltr'>ct</span> <span class='ocrx_word' id='word_1_347' title='bbox 1138 2461 1193 2484; x_wconf 73' lang='lat' dir='ltr'>Uul.</span> <span class='ocrx_word' id='word_1_348' title='bbox 1220 2462 1250 2483; x_wconf 82' lang='lat' dir='ltr'>id</span> <span class='ocrx_word' id='word_1_349' title='bbox 1258 2468 1322 2483; x_wconf 88' lang='lat' dir='ltr'>eum</span> <span class='ocrx_word' id='word_1_350' title='bbox 1330 2461 1433 2483; x_wconf 78' lang='lat' dir='ltr'>facere:</span> 
     </span>
     <span class='ocr_line' id='line_1_94' title="bbox 987 2493 1433 2523; baseline -0.002 -6"><span class='ocrx_word' id='word_1_351' title='bbox 987 2494 1051 2517; x_wconf 85' lang='lat' dir='ltr'>idem</span> <span class='ocrx_word' id='word_1_352' title='bbox 1060 2493 1105 2516; x_wconf 80' lang='lat' dir='ltr'>fae.</span> <span class='ocrx_word' id='word_1_353' title='bbox 1116 2493 1214 2521; x_wconf 73' lang='lat' dir='ltr'>Tlmm.;</span> <span class='ocrx_word' id='word_1_354' title='bbox 1229 2493 1254 2516; x_wconf 84' lang='lat' dir='ltr'>id</span> <span class='ocrx_word' id='word_1_355' title='bbox 1263 2493 1386 2516; x_wconf 48' lang='lat' dir='ltr'>fnchlmz</span> <span class='ocrx_word' id='word_1_356' title='bbox 1397 2499 1433 2523; x_wconf 83' lang='lat'>14.</span> 
     </span>
     <span class='ocr_line' id='line_1_95' title="bbox 985 2525 1434 2556; baseline 0 -7"><span class='ocrx_word' id='word_1_357' title='bbox 985 2528 1129 2554; x_wconf 78' lang='lat' dir='ltr'>phariseos</span> <span class='ocrx_word' id='word_1_358' title='bbox 1163 2528 1247 2549; x_wconf 84' lang='lat' dir='ltr'>destr.</span> <span class='ocrx_word' id='word_1_359' title='bbox 1260 2534 1265 2549; x_wconf 90' lang='lat'>:</span> <span class='ocrx_word' id='word_1_360' title='bbox 1307 2525 1434 2556; x_wconf 82' lang='lat' dir='ltr'>opinantes</span> 
     </span>
     <span class='ocr_line' id='line_1_96' title="bbox 986 2558 1431 2589; baseline -0.002 -7"><span class='ocrx_word' id='word_1_361' title='bbox 986 2559 1035 2582; x_wconf 83' lang='lat' dir='ltr'>des.</span> <span class='ocrx_word' id='word_1_362' title='bbox 1051 2560 1074 2582; x_wconf 91' lang='lat' dir='ltr'><em>T</em></span> <span class='ocrx_word' id='word_1_363' title='bbox 1071 2559 1134 2582; x_wconf 77' lang='lat' dir='ltr'>lnmz.</span> <span class='ocrx_word' id='word_1_364' title='bbox 1158 2558 1266 2589; x_wconf 65' lang='lat' dir='ltr'>sortasse</span> <span class='ocrx_word' id='word_1_365' title='bbox 1279 2562 1348 2585; x_wconf 60' lang='grc' dir='ltr'>ναῖε,</span> <span class='ocrx_word' id='word_1_366' title='bbox 1360 2558 1389 2589; x_wconf 81' lang='lat' dir='ltr'>cs.</span> <span class='ocrx_word' id='word_1_367' title='bbox 1400 2559 1431 2581; x_wconf 84' lang='lat' dir='ltr'>xi.</span> 
     </span>
     <span class='ocr_line' id='line_1_97' title="bbox 989 2591 1433 2623; baseline -0.002 -8"><span class='ocrx_word' id='word_1_368' title='bbox 989 2599 1033 2622; x_wconf 84' lang='lat'>15;</span> <span class='ocrx_word' id='word_1_369' title='bbox 1066 2591 1208 2623; x_wconf 79' lang='lat' dir='ltr'>pharisaeos</span> <span class='ocrx_word' id='word_1_370' title='bbox 1228 2592 1309 2621; x_wconf 69' lang='lat' dir='ltr'>glossa</span> <span class='ocrx_word' id='word_1_371' title='bbox 1332 2595 1381 2619; x_wconf 53' lang='grc' dir='ltr'>ΜΗ</span> <span class='ocrx_word' id='word_1_372' title='bbox 1410 2595 1433 2614; x_wconf 72' lang='lat' dir='ltr'>et</span> 
     </span>
     <span class='ocr_line' id='line_1_98' title="bbox 986 2623 1431 2654; baseline -0.004 -6"><span class='ocrx_word' id='word_1_373' title='bbox 986 2625 1057 2648; x_wconf 79' lang='lat' dir='ltr'>Alex.</span> <span class='ocrx_word' id='word_1_374' title='bbox 1078 2631 1107 2647; x_wconf 89' lang='lat'>10</span> <span class='ocrx_word' id='word_1_375' title='bbox 1128 2623 1198 2646; x_wconf 61' lang='lat' dir='ltr'>lzczlrct</span> <span class='ocrx_word' id='word_1_376' title='bbox 1220 2623 1285 2647; x_wconf 83' lang='lat' dir='ltr'>idem</span> <span class='ocrx_word' id='word_1_377' title='bbox 1310 2623 1431 2654; x_wconf 81' lang='lat' dir='ltr'>pharisaei</span> 
     </span>
     <span class='ocr_line' id='line_1_99' title="bbox 985 2656 1431 2688; baseline -0.002 -8"><span class='ocrx_word' id='word_1_378' title='bbox 985 2657 1114 2688; x_wconf 85' lang='lat' dir='ltr'>opinantes</span> <span class='ocrx_word' id='word_1_379' title='bbox 1143 2656 1268 2679; x_wconf 82' lang='lat' dir='ltr'>destruxit.</span> <span class='ocrx_word' id='word_1_380' title='bbox 1314 2664 1359 2680; x_wconf 77' lang='lat' dir='ltr'>om.</span> <span class='ocrx_word' id='word_1_381' title='bbox 1385 2658 1431 2679; x_wconf 85' lang='lat' dir='ltr'>dei</span> 
     </span>
    </p>
   </div>
   <div class='ocr_carea' id='block_1_16' title="bbox 1460 363 1467 2676">
    <p class='ocr_par' dir='ltr' id='par_1_37' title="bbox 1460 363 1467 2676">
     <span class='ocr_line' id='line_1_100' title="bbox 1460 363 1467 2676; baseline 0 0"><span class='ocrx_word' id='word_1_382' title='bbox 1460 363 1467 2676; x_wconf 95' lang='lat' dir='ltr'> </span> 
     </span>
    </p>
   </div>
   <div class='ocr_carea' id='block_1_17' title="bbox 1490 331 1937 361">
    <p class='ocr_par' dir='ltr' id='par_1_38' title="bbox 1490 331 1937 361">
     <span class='ocr_line' id='line_1_101' title="bbox 1490 331 1937 361; baseline 0 -7"><span class='ocrx_word' id='word_1_383' title='bbox 1490 331 1659 361; x_wconf 59' lang='lat' dir='ltr'>RQJfflreues‘</span> <span class='ocrx_word' id='word_1_384' title='bbox 1665 331 1713 355; x_wconf 79' lang='grc' dir='ltr'>ΟΧ</span> <span class='ocrx_word' id='word_1_385' title='bbox 1719 331 1937 361; x_wconf 74' lang='lat' dir='ltr'>Par.Lal.10458.</span> 
     </span>
    </p>
   </div>
   <div class='ocr_carea' id='block_1_18' title="bbox 1490 707 1940 933">
    <p class='ocr_par' dir='ltr' id='par_1_39' title="bbox 1490 707 1940 933">
     <span class='ocr_line' id='line_1_102' title="bbox 1490 707 1939 745; baseline 0 -9"><span class='ocrx_word' id='word_1_386' title='bbox 1490 717 1507 736; x_wconf 89' lang='lat' dir='ltr'>a</span> <span class='ocrx_word' id='word_1_387' title='bbox 1532 707 1697 745; x_wconf 86' lang='lat' dir='ltr'>legisperito</span> <span class='ocrx_word' id='word_1_388' title='bbox 1727 712 1864 736; x_wconf 87' lang='lat' dir='ltr'>temtatus</span> <span class='ocrx_word' id='word_1_389' title='bbox 1891 707 1939 736; x_wconf 89' lang='lat' dir='ltr'>dat</span> 
     </span>
     <span class='ocr_line' id='line_1_103' title="bbox 1530 755 1939 792; baseline -0.002 -9"><span class='ocrx_word' id='word_1_390' title='bbox 1530 755 1701 792; x_wconf 87' lang='lat' dir='ltr'>parabolam</span> <span class='ocrx_word' id='word_1_391' title='bbox 1731 764 1747 782; x_wconf 87' lang='lat' dir='ltr'>a</span> <span class='ocrx_word' id='word_1_392' title='bbox 1779 755 1939 783; x_wconf 89' lang='lat' dir='ltr'>latronibus</span> 
     </span>
     <span class='ocr_line' id='line_1_104' title="bbox 1529 802 1939 840; baseline 0 -10"><span class='ocrx_word' id='word_1_393' title='bbox 1529 803 1712 831; x_wconf 87' lang='lat' dir='ltr'>uulneratum</span> <span class='ocrx_word' id='word_1_394' title='bbox 1723 811 1810 840; x_wconf 84' lang='lat' dir='ltr'>quern</span> <span class='ocrx_word' id='word_1_395' title='bbox 1820 802 1939 830; x_wconf 83' lang='lat' dir='ltr'>samari-</span> 
     </span>
     <span class='ocr_line' id='line_1_105' title="bbox 1531 850 1940 878; baseline 0.002 -1"><span class='ocrx_word' id='word_1_396' title='bbox 1531 855 1615 878; x_wconf 89' lang='lat' dir='ltr'>tanus</span> <span class='ocrx_word' id='word_1_397' title='bbox 1630 850 1826 878; x_wconf 89' lang='lat' dir='ltr'>misericordia</span> <span class='ocrx_word' id='word_1_398' title='bbox 1843 855 1940 878; x_wconf 89' lang='lat' dir='ltr'>motus</span> 
     </span>
     <span class='ocr_line' id='line_1_106' title="bbox 1531 896 1640 933; baseline -0.009 -8"><span class='ocrx_word' id='word_1_399' title='bbox 1531 896 1640 933; x_wconf 80' lang='lat' dir='ltr'>colligit</span> 
     </span>
    </p>
   </div>
   <div class='ocr_carea' id='block_1_19' title="bbox 1491 1038 1939 1115">
    <p class='ocr_par' dir='ltr' id='par_1_40' title="bbox 1491 1038 1939 1115">
     <span class='ocr_line' id='line_1_107' title="bbox 1491 1038 1939 1076; baseline -0.002 -9"><span class='ocrx_word' id='word_1_400' title='bbox 1491 1038 1570 1076; x_wconf 82' lang='lat' dir='ltr'>apud</span> <span class='ocrx_word' id='word_1_401' title='bbox 1588 1038 1730 1066; x_wconf 84' lang='lat' dir='ltr'>martham</span> <span class='ocrx_word' id='word_1_402' title='bbox 1751 1038 1858 1066; x_wconf 76' lang='lat' dir='ltr'>mariae</span> <span class='ocrx_word' id='word_1_403' title='bbox 1874 1047 1939 1076; x_wconf 88' lang='lat' dir='ltr'>par-</span> 
     </span>
     <span class='ocr_line' id='line_1_108' title="bbox 1531 1085 1768 1115; baseline -0.004 -1"><span class='ocrx_word' id='word_1_404' title='bbox 1531 1092 1590 1115; x_wconf 87' lang='lat' dir='ltr'>tem</span> <span class='ocrx_word' id='word_1_405' title='bbox 1605 1085 1768 1114; x_wconf 85' lang='lat' dir='ltr'>conlaudat.</span> 
     </span>
    </p>
   </div>
   <div class='ocr_carea' id='block_1_20' title="bbox 1491 1226 1939 1359">
    <p class='ocr_par' dir='ltr' id='par_1_41' title="bbox 1491 1226 1939 1359">
     <span class='ocr_line' id='line_1_109' title="bbox 1491 1226 1939 1257; baseline -0.004 0"><span class='ocrx_word' id='word_1_406' title='bbox 1491 1229 1543 1257; x_wconf 94' lang='lat' dir='ltr'>XI.</span> <span class='ocrx_word' id='word_1_407' title='bbox 1567 1228 1738 1257; x_wconf 83' lang='lat' dir='ltr'>Orationem</span> <span class='ocrx_word' id='word_1_408' title='bbox 1763 1226 1848 1255; x_wconf 88' lang='lat' dir='ltr'>docet</span> <span class='ocrx_word' id='word_1_409' title='bbox 1872 1236 1939 1255; x_wconf 89' lang='lat' dir='ltr'>cum</span> 
     </span>
     <span class='ocr_line' id='line_1_110' title="bbox 1531 1275 1937 1313; baseline -0.005 -9"><span class='ocrx_word' id='word_1_410' title='bbox 1531 1275 1669 1313; x_wconf 84' lang='lat' dir='ltr'>parabola</span> <span class='ocrx_word' id='word_1_411' title='bbox 1690 1275 1872 1312; x_wconf 85' lang='lat' dir='ltr'>importunae</span> <span class='ocrx_word' id='word_1_412' title='bbox 1888 1283 1937 1312; x_wconf 86' lang='lat' dir='ltr'>pa-</span> 
     </span>
     <span class='ocr_line' id='line_1_111' title="bbox 1531 1321 1909 1359; baseline -0.005 -8"><span class='ocrx_word' id='word_1_413' title='bbox 1531 1323 1576 1351; x_wconf 90' lang='lat' dir='ltr'>nis</span> <span class='ocrx_word' id='word_1_414' title='bbox 1592 1332 1609 1350; x_wconf 88' lang='lat' dir='ltr'>a</span> <span class='ocrx_word' id='word_1_415' title='bbox 1623 1322 1720 1350; x_wconf 91' lang='lat' dir='ltr'>uicino</span> <span class='ocrx_word' id='word_1_416' title='bbox 1736 1321 1909 1359; x_wconf 86' lang='lat' dir='ltr'>postulantis</span> 
     </span>
    </p>
   </div>
   <div class='ocr_carea' id='block_1_21' title="bbox 1489 1648 1939 1772">
    <p class='ocr_par' dir='ltr' id='par_1_42' title="bbox 1489 1648 1939 1772">
     <span class='ocr_line' id='line_1_112' title="bbox 1489 1648 1939 1685; baseline -0.007 -7"><span class='ocrx_word' id='word_1_417' title='bbox 1489 1650 1663 1678; x_wconf 90' lang='lat' dir='ltr'>daemonem</span> <span class='ocrx_word' id='word_1_418' title='bbox 1685 1649 1791 1677; x_wconf 89' lang='lat' dir='ltr'>eiciens</span> <span class='ocrx_word' id='word_1_419' title='bbox 1812 1649 1840 1676; x_wconf 90' lang='lat' dir='ltr'>in</span> <span class='ocrx_word' id='word_1_420' title='bbox 1861 1648 1939 1685; x_wconf 89' lang='lat' dir='ltr'>prin-</span> 
     </span>
     <span class='ocr_line' id='line_1_113' title="bbox 1530 1695 1939 1734; baseline -0.005 -9"><span class='ocrx_word' id='word_1_421' title='bbox 1530 1697 1593 1734; x_wconf 94' lang='lat' dir='ltr'>cipe</span> <span class='ocrx_word' id='word_1_422' title='bbox 1614 1696 1834 1724; x_wconf 81' lang='lat' dir='ltr'>daemoniorum</span> <span class='ocrx_word' id='word_1_423' title='bbox 1853 1695 1881 1723; x_wconf 89' lang='lat' dir='ltr'>id</span> <span class='ocrx_word' id='word_1_424' title='bbox 1898 1695 1939 1723; x_wconf 89' lang='lat' dir='ltr'>fa-</span> 
     </span>
     <span class='ocr_line' id='line_1_114' title="bbox 1529 1744 1711 1772; baseline -0.005 0"><span class='ocrx_word' id='word_1_425' title='bbox 1529 1753 1592 1772; x_wconf 85' lang='lat' dir='ltr'>cere</span> <span class='ocrx_word' id='word_1_426' title='bbox 1608 1744 1711 1772; x_wconf 88' lang='lat' dir='ltr'>dicitur</span> 
     </span>
    </p>
   </div>
   <div class='ocr_carea' id='block_1_22' title="bbox 1488 2030 1810 2067">
    <p class='ocr_par' dir='ltr' id='par_1_43' title="bbox 1488 2030 1810 2067">
     <span class='ocr_line' id='line_1_115' title="bbox 1488 2030 1810 2067; baseline -0.003 -8"><span class='ocrx_word' id='word_1_427' title='bbox 1488 2035 1515 2059; x_wconf 92' lang='lat' dir='ltr'>et</span> <span class='ocrx_word' id='word_1_428' title='bbox 1530 2030 1580 2059; x_wconf 90' lang='lat' dir='ltr'>dat</span> <span class='ocrx_word' id='word_1_429' title='bbox 1595 2030 1711 2067; x_wconf 87' lang='lat' dir='ltr'>signum</span> <span class='ocrx_word' id='word_1_430' title='bbox 1726 2030 1810 2059; x_wconf 87' lang='lat' dir='ltr'>ionae</span> 
     </span>
    </p>
   </div>
   <div class='ocr_carea' id='block_1_23' title="bbox 1484 2262 1938 2614">
    <p class='ocr_par' dir='ltr' id='par_1_44' title="bbox 1487 2262 1938 2417">
     <span class='ocr_line' id='line_1_116' title="bbox 1521 2262 1938 2291; baseline -0.002 -5"><span class='ocrx_word' id='word_1_431' title='bbox 1521 2263 1553 2287; x_wconf 89' lang='lat' dir='ltr'>X.</span> <span class='ocrx_word' id='word_1_432' title='bbox 1573 2271 1589 2286; x_wconf 75' lang='lat' dir='ltr'>a.</span> <span class='ocrx_word' id='word_1_433' title='bbox 1606 2264 1702 2291; x_wconf 81' lang='lat' dir='ltr'>legisp.</span> <span class='ocrx_word' id='word_1_434' title='bbox 1721 2265 1871 2286; x_wconf 71' lang='lat' dir='ltr'>temtatus:</span> <span class='ocrx_word' id='word_1_435' title='bbox 1896 2262 1938 2286; x_wconf 89' lang='lat' dir='ltr'>ubi</span> 
     </span>
     <span class='ocr_line' id='line_1_117' title="bbox 1488 2296 1938 2327; baseline -0.002 -8"><span class='ocrx_word' id='word_1_436' title='bbox 1488 2296 1534 2319; x_wconf 77' lang='lat' dir='ltr'>dns</span> <span class='ocrx_word' id='word_1_437' title='bbox 1571 2304 1585 2319; x_wconf 88' lang='lat' dir='ltr'>a</span> <span class='ocrx_word' id='word_1_438' title='bbox 1623 2296 1765 2327; x_wconf 80' lang='lat' dir='ltr'>legisperito</span> <span class='ocrx_word' id='word_1_439' title='bbox 1805 2299 1938 2326; x_wconf 82' lang='lat' dir='ltr'>temptatur</span> 
     </span>
     <span class='ocr_line' id='line_1_118' title="bbox 1493 2328 1926 2359; baseline -0.002 -8"><span class='ocrx_word' id='word_1_440' title='bbox 1493 2329 1577 2359; x_wconf 80' lang='lat'>10438.</span> <span class='ocrx_word' id='word_1_441' title='bbox 1613 2329 1733 2352; x_wconf 78' lang='lat' dir='ltr'>uulnerati</span> <span class='ocrx_word' id='word_1_442' title='bbox 1750 2329 1837 2352; x_wconf 65' lang='grc' dir='ltr'>ΒΘᾸΟ</span> <span class='ocrx_word' id='word_1_443' title='bbox 1851 2328 1926 2351; x_wconf 76' lang='lat' dir='ltr'>Tlmm</span> 
     </span>
     <span class='ocr_line' id='line_1_119' title="bbox 1487 2361 1937 2392; baseline 0 -8"><span class='ocrx_word' id='word_1_444' title='bbox 1487 2365 1596 2384; x_wconf 82' lang='lat' dir='ltr'>motus:</span> <span class='ocrx_word' id='word_1_445' title='bbox 1615 2365 1754 2385; x_wconf 86' lang='lat' dir='ltr'>commotus</span> <span class='ocrx_word' id='word_1_446' title='bbox 1770 2362 1800 2385; x_wconf 90' lang='grc' dir='ltr'>Θ.</span> <span class='ocrx_word' id='word_1_447' title='bbox 1836 2361 1937 2392; x_wconf 77' lang='lat' dir='ltr'>collegit</span> 
     </span>
     <span class='ocr_line' id='line_1_120' title="bbox 1488 2395 1642 2417; baseline 0 0"><span class='ocrx_word' id='word_1_448' title='bbox 1488 2395 1549 2417; x_wconf 66' lang='grc' dir='ltr'>ΒΘ]</span> <span class='ocrx_word' id='word_1_449' title='bbox 1558 2395 1642 2417; x_wconf 76' lang='lat' dir='ltr'>Thom.</span> 
     </span>
    </p>

    <p class='ocr_par' dir='ltr' id='par_1_45' title="bbox 1484 2425 1937 2614">
     <span class='ocr_line' id='line_1_121' title="bbox 1520 2425 1937 2458; baseline -0.002 -8"><span class='ocrx_word' id='word_1_450' title='bbox 1520 2427 1565 2450; x_wconf 88' lang='lat' dir='ltr'>XI.</span> <span class='ocrx_word' id='word_1_451' title='bbox 1585 2427 1729 2458; x_wconf 77' lang='lat' dir='ltr'>parabolam</span> <span class='ocrx_word' id='word_1_452' title='bbox 1755 2425 1819 2450; x_wconf 60' lang='lat'>30³⁶.</span> <span class='ocrx_word' id='word_1_453' title='bbox 1862 2434 1937 2457; x_wconf 83' lang='lat' dir='ltr'>panes</span> 
     </span>
     <span class='ocr_line' id='line_1_122' title="bbox 1487 2460 1934 2488; baseline -0.002 -5"><span class='ocrx_word' id='word_1_454' title='bbox 1487 2460 1553 2483; x_wconf 63' lang='lat' dir='ltr'>QUO</span> <span class='ocrx_word' id='word_1_455' title='bbox 1561 2460 1645 2483; x_wconf 75' lang='lat' dir='ltr'>Thom.</span> <span class='ocrx_word' id='word_1_456' title='bbox 1680 2467 1696 2482; x_wconf 77' lang='lat' dir='ltr'>a</span> <span class='ocrx_word' id='word_1_457' title='bbox 1704 2460 1818 2488; x_wconf 84' lang='lat' dir='ltr'>uicino(</span> <span class='ocrx_word' id='word_1_458' title='bbox 1828 2466 1844 2483; x_wconf 78' lang='lat'>÷</span> <span class='ocrx_word' id='word_1_459' title='bbox 1853 2467 1897 2482; x_wconf 81' lang='lat' dir='ltr'>suo</span> <span class='ocrx_word' id='word_1_460' title='bbox 1905 2460 1934 2488; x_wconf 73' lang='lat' dir='ltr'>J)</span> 
     </span>
     <span class='ocr_line' id='line_1_123' title="bbox 1486 2492 1937 2523; baseline -0.002 -7"><span class='ocrx_word' id='word_1_461' title='bbox 1486 2494 1657 2520; x_wconf 76' lang='lat' dir='ltr'>postulantis</span> <span class='ocrx_word' id='word_1_462' title='bbox 1671 2492 1818 2523; x_wconf 83' lang='lat' dir='ltr'>(postulanti</span> <span class='ocrx_word' id='word_1_463' title='bbox 1834 2492 1883 2519; x_wconf 75' lang='lat' dir='ltr'>O):</span> <span class='ocrx_word' id='word_1_464' title='bbox 1905 2493 1937 2515; x_wconf 87' lang='lat' dir='ltr'>ab</span> 
     </span>
     <span class='ocr_line' id='line_1_124' title="bbox 1486 2525 1936 2556; baseline 0 -8"><span class='ocrx_word' id='word_1_465' title='bbox 1486 2525 1567 2549; x_wconf 83' lang='lat' dir='ltr'>amico</span> <span class='ocrx_word' id='word_1_466' title='bbox 1585 2533 1633 2548; x_wconf 89' lang='lat' dir='ltr'>non</span> <span class='ocrx_word' id='word_1_467' title='bbox 1651 2525 1799 2556; x_wconf 82' lang='lat' dir='ltr'>postulantis</span> <span class='ocrx_word' id='word_1_468' title='bbox 1814 2525 1844 2547; x_wconf 54' lang='grc' dir='ltr'>(ἑ).</span> <span class='ocrx_word' id='word_1_469' title='bbox 1879 2525 1936 2548; x_wconf 85' lang='lat' dir='ltr'>dae—</span> 
     </span>
     <span class='ocr_line' id='line_1_125' title="bbox 1485 2557 1936 2588; baseline -0.002 -7"><span class='ocrx_word' id='word_1_470' title='bbox 1485 2559 1595 2581; x_wconf 87' lang='lat' dir='ltr'>monium</span> <span class='ocrx_word' id='word_1_471' title='bbox 1606 2558 1632 2581; x_wconf 85' lang='lat' dir='ltr'>B.</span> <span class='ocrx_word' id='word_1_472' title='bbox 1670 2558 1727 2581; x_wconf 78' lang='lat' dir='ltr'>eicit</span> <span class='ocrx_word' id='word_1_473' title='bbox 1736 2558 1766 2580; x_wconf 96' lang='lat' dir='ltr'>O.</span> <span class='ocrx_word' id='word_1_474' title='bbox 1801 2557 1936 2588; x_wconf 84' lang='lat' dir='ltr'>principem</span> 
     </span>
     <span class='ocr_line' id='line_1_126' title="bbox 1484 2590 1747 2614; baseline -0.008 0"><span class='ocrx_word' id='word_1_475' title='bbox 1484 2590 1529 2614; x_wconf 65' lang='lat'>0⁹⁶.</span> <span class='ocrx_word' id='word_1_476' title='bbox 1560 2591 1709 2614; x_wconf 84' lang='lat' dir='ltr'>daemonum</span> <span class='ocrx_word' id='word_1_477' title='bbox 1721 2591 1747 2613; x_wconf 82' lang='lat' dir='ltr'>J.</span> 
     </span>
    </p>
   </div>
  </div>
 </body>
</html>
