2258 3157
440 288 477 319 28
917 287 1144 317 CAPITULA
1172 288 1231 318 IN
1249 289 1570 319 EUANGELIUM

686 374 792 398 AUVY.

478 421 606 449 dicentes
622 420 650 449 id
665 421 757 449 facere
780 421 969 458 responsione
985 430 1036 449 sua

478 468 596 496 destruit
626 468 724 496 dicens
760 468 971 505 blasphemiam
1007 468 1036 496 in

478 520 611 543 sanctum
648 515 779 551 spiritum
816 524 876 543 non
912 515 1036 544 remitti:

478 563 612 591 arborem
633 572 750 599 quoque
774 571 809 590 ex
835 562 926 590 fructu
949 572 1036 600 posse

479 610 626 646 cognosci,
656 615 684 637 et
710 610 851 638 rationem
889 610 924 638 de
946 611 1037 638 uerbo

477 657 573 685 otioso
588 657 617 684 in
632 656 709 685 diem
725 657 820 685 iudicii
835 657 922 685 reddi.

437 703 562 731 XLIIII.
586 703 746 732 Pharisaeis
772 705 888 741 signum
914 704 1035 741 petenti-

477 751 530 778 bus
555 750 640 779 ionae
664 751 780 787 signum
803 751 864 779 dari
887 751 1034 788 praedicit,

477 798 620 826 nineuitas
642 803 670 827 et
691 799 822 835 reginam
845 799 932 827 austri
956 808 1036 827 com-

477 854 644 873 memorans
658 851 686 873 et
702 845 738 873 de
760 846 861 882 spiritu
884 845 1037 874 immundo

477 892 700 929 septempliciter
715 893 745 921 in
760 893 878 921 homine
900 893 1037 921 redeunte

477 939 637 975 disputans.

437 985 528 1013 XLV.
552 986 678 1014 Matrem
701 991 730 1015 et
754 986 855 1015 fratres
880 986 1037 1023 discipulos

478 1033 545 1061 dicit
570 1033 617 1061 uel
641 1042 759 1062 omnem
784 1034 832 1071 qui
858 1034 947 1071 patris
976 1033 1037 1062 eius

478 1080 572 1108 fecerit
591 1081 778 1109 uoluntatem.

437 1127 546 1155 XLVI.
570 1127 681 1156 Sedens
704 1137 789 1165 super
811 1137 890 1156 mare
911 1128 1037 1165 parabo-

478 1175 534 1202 lani
558 1175 627 1203 dicit
648 1175 756 1203 fructus
774 1175 937 1210 tricensimi‚
955 1184 1036 1203 sexa-

477 1222 611 1259 gensimi‚
634 1227 662 1250 et
685 1222 865 1256 centensimi‚
881 1231 970 1260 quam
993 1231 1037 1250 se-

477 1278 578 1297 orsum
593 1269 713 1306 exponit
729 1269 882 1306 discipulis.

438 1362 561 1391 XLVII.
572 1363 745 1391 Parabolam
755 1363 790 1391 de
801 1364 914 1392 zizaniis
925 1372 1037 1400 ponens

477 1410 569 1447 iungit
580 1411 616 1438 de
626 1420 718 1448 grano
729 1411 837 1448 sinapis
847 1416 874 1439 et
885 1410 1035 1444 fermento,

477 1463 633 1494 postquam
655 1458 774 1494 exponit
790 1458 964 1486 zizaniorum
986 1467 1038 1495 pa-

478 1505 607 1533 rabolam
622 1504 768 1542 discipulis
784 1505 858 1533 intra
873 1505 1001 1533 domum.

436 1689 576 1718 XLVIII.
598 1690 741 1719 Thesauri
751 1691 796 1719 uel
809 1691 979 1728 margaritae
994 1701 1037 1719 re-

478 1743 576 1775 pertae
598 1739 817 1776 comparatione
837 1739 986 1776 proposita
1001 1739 1037 1766 si-

478 1785 583 1813 militer
624 1785 793 1822 parabolam
838 1786 874 1814 de
919 1786 1037 1823 saginae

478 1832 605 1869 piscibus
621 1833 789 1869 separandis
804 1833 931 1870 exponit.

438 2112 547 2141 XLIX.
581 2113 756 2142 Mirantibus
798 2123 828 2142 se
865 2114 1038 2152 prophetam

479 2161 550 2188 dixit
572 2160 714 2189 honorem
739 2161 768 2189 in
790 2170 841 2190 sua
863 2162 956 2199 patria
977 2172 1036 2190 non

478 2207 591 2237 habere.

439 2300 471 2328 L.
495 2301 634 2331 Iohannis
655 2303 692 2330 ab
710 2302 819 2331 herode
840 2303 930 2331 occisi
950 2308 1039 2341 caput

479 2348 578 2376 datum
594 2349 713 2376 refertur
729 2350 758 2376 in
774 2349 864 2378 disco.

1299 375 1329 399 C.

1125 421 1160 448 iii.
1183 421 1220 449 Et
1232 421 1261 448 in
1274 421 1403 459 principe
1418 421 1538 449 daemo-

1213 468 1326 496 niorum
1372 469 1401 497 id
1444 468 1538 497 facere

1213 515 1363 552 opinantes
1379 516 1511 544 dextruit.

1111 703 1155 731 iiii.
1179 702 1319 731 Phariseis
1349 703 1463 740 signum
1489 712 1541 740 pe-

1211 750 1337 779 tentibus
1377 751 1468 779 Ionae
1512 756 1539 778 et

1212 798 1405 825 nineuitarum
1421 798 1536 835 signum

1213 845 1307 872 tradit.

1132 995 1156 1014 v.
1179 985 1305 1014 Matrem
1354 991 1381 1014 et
1438 985 1539 1014 fratres

1214 1032 1333 1070 spernit.

1090 1129 1190 1156 XIII.
1227 1128 1352 1155 Sedens
1381 1127 1417 1154 in
1445 1128 1539 1155 natu·-

1172 1176 1248 1203 eula
1270 1176 1330 1202 Ins
1350 1175 1461 1202 turbis
1482 1183 1539 1209 pa-

1171 1223 1304 1250 rabolas
1326 1222 1488 1256 exponit:
1510 1221 1539 1249 id

1172 1274 1224 1298 est.

1139 1364 1156 1391 i.
1178 1362 1224 1392 De
1252 1363 1413 1392 seminante
1438 1371 1538 1391 semen

1212 1410 1401 1439 centesimum
1457 1419 1540 1438 sexa-

1212 1458 1377 1495 gensimum
1394 1462 1422 1486 et
1437 1458 1539 1486 tricen—

1212 1506 1326 1533 simum.

1135 1553 1161 1580 ii.
1184 1552 1230 1580 De
1246 1552 1364 1590 zyzania
1380 1552 1409 1580 in
1424 1552 1538 1580 trittico.

1121 1600 1155 1627 iii.
1178 1599 1223 1627 De
1239 1609 1331 1637 grano
1347 1600 1472 1636 synapis.

1111 1647 1157 1676 iiii.
1181 1647 1225 1675 De
1241 1647 1382 1675 fermento
1394 1647 1538 1675 habscon-

1213 1694 1273 1722 dito
1288 1694 1317 1722 in
1334 1694 1432 1722 farina.

1133 1751 1157 1770 V.
1180 1741 1217 1770 Et
1249 1741 1357 1770 exoluit
1393 1741 1540 1778 discipulis

1214 1788 1383 1826 parabolam
1427 1788 1540 1825 zyzani-

1213 1845 1305 1864 orum.

1126 1883 1160 1910 vi.
1183 1883 1341 1911 Parabolas
1353 1882 1389 1911 de
1404 1882 1541 1911 thesauro

1214 1931 1243 1958 in
1259 1939 1339 1967 agro.

1113 1977 1158 2005 vii.
1181 1977 1226 2006 De
1242 1978 1321 2005 bona
1336 1977 1499 2014 margarita.

1102 2024 1154 2052 viii.
1177 2024 1222 2053 De
1262 2025 1332 2052 retia
1379 2024 1467 2052 missa
1512 2024 1541 2051 in

1215 2072 1296 2099 mari.

1092 2118 1156 2146 viiii.
1180 2118 1358 2155 Prophetam
1389 2118 1418 2145 in
1450 2117 1541 2155 patria

1215 2174 1267 2193 sua
1277 2166 1336 2193 sine
1346 2165 1457 2193 honore
1469 2174 1539 2193 esse.

1094 2308 1212 2335 XIIII.
1243 2308 1291 2334 De
1307 2307 1470 2334 Ihoannis
1490 2313 1542 2334 ea-

1174 2355 1246 2388 pite
1261 2354 1297 2381 in
1312 2354 1416 2381 diseo.

1634 375 1752 399 BHOJT
1763 383 1820 399 aur.
1833 376 1909 400 Harl.
1925 381 1994 407 2797.

1593 421 1630 449 Et
1650 421 1679 449 in
1701 421 1831 458 principe
1853 421 2042 451 daemonior-

1633 477 1684 496 um
1694 468 1721 496 id
1734 468 1827 497 facere
1838 478 1905 497 eum
1916 470 2043 507 opinan-

1634 520 1677 543 tes
1693 515 1846 552 redarguit.

1595 703 1685 731 Ionae
1708 708 1736 731 et
1763 703 1957 731 nineuitarum
1987 703 2043 741 sig—

1634 759 1705 778 num
1720 749 1877 787 pharisaeis
1895 751 2044 787 promittit.

1595 985 1720 1013 Matrem
1735 990 1763 1013 et
1778 985 1877 1013 fratres
1893 985 2012 1022 spernit.

1594 1126 1678 1154 XIII.
1715 1125 1760 1154 De
1790 1125 1925 1154 nauicula
1954 1126 2044 1154 turbis

1634 1173 1786 1211 parabolas
1801 1173 1926 1210 exponit.

1596 2117 1773 2154 Prophetam
1808 2117 1837 2145 in
1873 2117 1965 2154 patria
1994 2126 2046 2145 sua

1636 2165 1697 2192 sine
1713 2164 1825 2192 honore
1840 2173 1903 2192 esse
1919 2164 1995 2192 dicit.

1596 2308 1678 2336 XIV.
1701 2307 1746 2336 De
1759 2307 1892 2336 iohannis
1907 2308 2002 2345 capite
2018 2308 2047 2336 in

1637 2355 1726 2383 disco.

472 2421 567 2445 XLIII.
589 2426 615 2448 >
625 2423 738 2453 spiritum
751 2426 863 2446 sanctum
881 2423 965 2447 Thom.

1126 2428 1199 2451 XIII.
1216 2427 1231 2450 i.
1250 2427 1280 2450 de
1289 2427 1433 2450 seminantis
1443 2427 1543 2450 semine.

1093 2469 1114 2484 v.
1134 2460 1241 2484 exsoluit
1255 2460 1278 2484 d.
1292 2460 1435 2491 parabolas.

1626 2429 1679 2452 XII
1695 2437 1741 2452 om.
1749 2435 1813 2451 eum
1823 2436 1879 2452 aur.
1889 2429 2047 2455 redarguit:

1598 2462 1701 2486 destruit
1726 2461 1806 2484 ΒΙΙΘ.
1859 2461 1988 2492 opinantes
2006 2461 2047 2484 de-

1599 2495 1734 2518 structione
1753 2497 1777 2517 et
1796 2493 1878 2518 nineu.
1898 2502 1957 2516 αιιν.
1994 2493 2047 2522 (de-

1601 2528 1722 2551 tructione
1754 2527 1835 2556 lapsu,
1864 2530 1913 2557 pro
1947 2526 2043 2549 destrui

1601 2561 1682 2589 ionae,
1705 2560 1826 2590 scriplum
1856 2567 1904 2582 esst
1933 2559 2046 2587 uidetur)

1600 2594 1756 2620 promit-tit:
1781 2591 1856 2615 tradit
1883 2592 1930 2614 BH
1951 2591 2047 2622 (uidit)

1601 2626 1624 2649 Θ
1636 2625 1780 2655 monadem.

1634 2658 1707 2681 XIII.
1725 2665 1770 2681 om.
1785 2665 1835 2680 sua
1847 2664 1903 2680 aur.
