2209 3147
401 258 464 294 488
620 257 890 285 PRAEFATIO
930 257 1014 284 UEL
1049 255 1390 285 ARGUMENTUM
1422 255 1660 286 IOHANNIS.

402 351 561 382 similiter.
609 350 651 381 Et
672 351 697 381 si
717 361 781 390 qua
803 350 867 381 alia
887 355 963 380 sunt
984 361 1069 391 quae
1089 350 1200 381 christi
1223 349 1429 380 diuinitatem
1447 349 1479 379 in
1500 359 1565 389 qua
1586 349 1731 389 aequalis
1753 354 1801 380 est
1823 349 1907 390 patri

404 408 490 434 recte
504 403 759 442 intelligentibus
775 403 906 432 intimet
923 412 1007 442 pene
1019 402 1108 433 solus
1123 402 1285 432 Iohannes
1302 402 1333 431 in
1350 411 1410 431 suo
1427 401 1598 441 euangelio
1615 401 1724 441 posuit
1737 406 1909 441 tamquam

403 456 444 486 de
469 460 601 494 pectore
629 455 730 494 ipsius
755 454 880 484 domini
907 465 1005 494 super
1028 454 1115 494 quod
1142 454 1348 483 discumbere
1372 453 1403 482 in
1429 453 1497 483 eius
1521 453 1675 483 conuiuio
1698 453 1813 483 solitus
1839 457 1909 483 exat

405 512 565 537 secretum
591 506 770 536 diuinitatis
795 507 864 536 eius
889 507 1020 537 uberius
1045 511 1077 536 et
1101 506 1246 545 quodam
1272 505 1371 535 modo
1394 504 1583 535 familiarius
1606 505 1742 535 biberet.

492 558 633 588 Proinde
661 568 735 588 cum
765 559 849 588 duae
877 559 1016 589 uirtutes
1043 558 1232 598 propositae
1258 557 1322 587 sint
1349 557 1479 587 animae
1506 556 1678 589 humanae,
1707 567 1770 587 una
1801 556 1936 591 actiua5

403 608 507 638 altera
532 607 789 647 contemplatiua
819 608 880 638 Illa
912 618 978 647 qua
1007 608 1072 637 itur
1104 607 1164 637 ista
1193 617 1257 646 qua
1288 606 1476 646 peruenitur
1503 606 1559 636 illa
1585 616 1651 645 qua
1678 606 1847 637 laboratur
1874 610 1910 636 ut

405 670 460 690 cor
484 660 660 690 mundetur
684 660 724 689 ad
749 660 929 690 uidendum
954 660 1053 690 deum
1079 659 1141 689 ista
1164 669 1229 698 qua
1254 663 1389 688 uacatur
1410 663 1442 688 et
1460 657 1590 688 uidetur
1613 658 1695 688 deus
1721 658 1781 688 Illa
1804 662 1853 688 est
1878 658 1910 688 in

405 712 587 752 praeceptis
609 712 812 742 exercendae
837 712 924 742 uitae
948 711 1043 741 huius
1067 710 1259 750 temporalis
1285 710 1352 740 Ista
1376 709 1407 739 in
1432 709 1581 739 doctrina
1605 709 1694 740 uitae
1718 710 1803 740 illius
1826 720 1912 740 sern-

405 764 558 804 piternae.
606 763 658 794 Ac
682 774 740 803 per
763 763 824 794 hoc
848 763 902 794 illa
926 767 1081 803 operatur
1104 763 1166 792 ista
1195 762 1367 802 requiescit
1394 761 1470 801 quia
1497 761 1551 791 illa
1581 766 1629 792 est
1656 761 1687 791 in
1716 762 1912 802 purgatione

405 820 611 856 peccatorum
640 815 706 845 Ista
731 816 762 846 in
787 815 910 845 lumine
939 819 1165 854 purgatorum.
1224 813 1276 844 Ae
1305 824 1362 853 per
1386 813 1447 843 hoc
1472 813 1502 843 in
1526 813 1586 843 hac
1611 813 1678 843 uita
1703 812 1832 844 mortali
1857 812 1912 844 illa
1926 826 1956 843 10

406 872 453 898 est
478 867 508 897 in
533 878 631 907 opere
654 868 760 897 bonae
783 867 1043 898 conuersationis
1070 866 1138 896 Ista
1162 876 1239 896 uero
1264 866 1369 905 magis
1394 866 1424 895 in
1448 865 1512 895 fide
1536 865 1624 905 apud
1649 875 1832 905 perpaucos
1856 875 1913 904 per

406 918 573 958 speculum
607 919 637 949 in
668 919 856 959 aenigmate
888 928 931 948 ex
959 922 1053 958 parte
1088 918 1119 947 in
1150 917 1260 957 aliqua
1292 917 1416 947 uisione
1448 917 1724 947 incommutabilis
1753 917 1912 947 ueritatis.

409 970 484 1001 Hae
515 972 599 1001 duae
627 971 765 1001 uirtutes
793 971 824 1000 in
851 971 971 1010 quibus
995 969 1154 1000 uxoribus
1179 970 1272 1000 iacob
1296 968 1455 1009 figuratae
1479 969 1703 1008 intelliguntur
1726 969 1769 999 de
1792 969 1911 1008 quibus

406 1023 564 1052 aduersus
589 1023 747 1052 Faustum
775 1022 983 1052 manicheum
1015 1031 1074 1061 pro
1106 1021 1241 1051 modolo
1273 1031 1348 1051 meo
1376 1025 1537 1060 quantum
1569 1020 1613 1050 illi
1646 1020 1735 1060 operi
1767 1020 1915 1051 sufficere

407 1074 580 1104 uidebatur
602 1075 748 1104 disserui.
806 1074 867 1104 Lia
894 1073 1015 1113 quippe
1043 1073 1296 1113 interpraetatur
1324 1072 1474 1103 laborans
1504 1072 1629 1102 Rachel
1661 1077 1773 1102 autem
1805 1073 1913 1102 uisum
1928 1079 1956 1103 15

406 1127 612 1167 principium.
660 1126 715 1155 Ex
740 1136 806 1165 quo
830 1125 1056 1165 intelliguntur
1079 1126 1105 1155 si
1130 1124 1305 1165 diligenter
1328 1125 1481 1154 aduertas
1504 1129 1570 1154 tres
1592 1124 1811 1164 euangelistas
1833 1128 1916 1154 tem-

406 1178 530 1219 poralia
545 1178 645 1208 Facta
658 1178 781 1208 domini
797 1183 827 1208 et
845 1178 934 1208 dicta
952 1187 1037 1216 quae
1053 1177 1095 1207 ad
1112 1177 1337 1207 informandos
1351 1186 1457 1206 mores
1471 1176 1557 1206 uitae
1575 1176 1755 1216 praesentis
1768 1176 1915 1206 maxime

407 1231 553 1261 ualerent
584 1230 746 1270 copiosius
778 1234 1006 1270 persequutus,
1035 1229 1118 1259 circa
1149 1228 1237 1259 illam
1269 1229 1411 1259 actiuam
1443 1228 1598 1258 uirtutem
1630 1228 1727 1258 fuisse
1755 1232 1914 1258 uersatos.

409 1283 588 1313 Iohannem
620 1293 698 1312 uero
729 1282 815 1312 facta
847 1282 974 1311 domini
1007 1281 1113 1312 multo
1144 1281 1296 1321 pauciora
1328 1285 1522 1316 narrantem,
1554 1280 1642 1310 dicta
1670 1290 1747 1310 uero
1778 1280 1847 1310 eius
1875 1290 1914 1310 ea

408 1335 598 1374 praesertim
632 1345 716 1374 quae
751 1334 908 1364 trinitatis
943 1333 1104 1363 unitatem
1138 1338 1170 1363 et
1203 1333 1290 1363 uitae
1321 1337 1474 1362 aeternae
1506 1331 1696 1362 felicitatem
1727 1332 1759 1361 in
1792 1331 1914 1362 uirtute
1929 1341 1960 1359 20

408 1387 665 1426 contemplatiua
682 1386 993 1423 commendandam,
1011 1395 1104 1415 suam
1123 1385 1338 1415 intentionem
1359 1384 1704 1423 praedicationemque
1720 1384 1870 1414 tenuisse.

443 1479 463 1494 2.
485 1472 644 1502 >euangelio
656 1480 700 1495 suo
714 1473 779 1502 Aug.
807 1475 950 1499 tamquam
960 1478 977 1496 4-
986 1472 1027 1502 qui
1042 1473 1109 1501 Aug.
1251 1477 1286 1500 14.
1306 1469 1408 1492 modulo
1421 1470 1487 1499 Aug.

441 1518 464 1541 4.
482 1511 572 1534 biberit
585 1512 651 1542 Aug.
1252 1510 1287 1533 16.
1306 1510 1520 1536 intelliguntur:
1538 1508 1643 1539 intelligi
1655 1508 1727 1531 datur
1739 1510 1806 1539 Aug.

441 1557 463 1580 5.
482 1558 557 1581 quum
570 1550 600 1573 Θ.
635 1551 728 1573 animae
742 1550 776 1574 H.
1252 1554 1287 1579 17.
1306 1547 1465 1570 infirmandos
1478 1547 1513 1571 H.

441 1588 463 1612 6.
481 1597 537 1617 qua
545 1593 600 1620 pn:
620 1597 681 1620 quae
695 1589 719 1612 H
731 1597 736 1617 ;
754 1597 796 1613 sec.
809 1597 858 1620 quo
872 1589 906 1612 H.
1251 1588 1287 1610 18.
1305 1589 1444 1618 persecutos
1457 1587 1523 1617 Aug.

444 1634 480 1651 11.
499 1630 611 1652 fide÷et
624 1630 690 1659 Aug.
1250 1633 1286 1650 20.
1305 1629 1417 1649 aeternae
1434 1625 1576 1648 felicitatem
1594 1625 1750 1654 insinuarent,
1770 1625 1913 1656 diligentius

444 1673 480 1690 12.
499 1669 656 1695 aenigmate
665 1674 682 1691 4-
691 1671 713 1691 et
726 1668 792 1698 Aug.
1215 1668 1238 1688 et
1250 1665 1347 1688 uberius
1360 1665 1559 1693 conscribentem,
1573 1665 1598 1687 in
1614 1665 1704 1688 uirtute
1720 1665 1914 1697 contemplatiua

444 1712 480 1735 13.
499 1708 602 1734 quibus
614 1707 648 1729 sic
661 1707 711 1729 ΗΘ
722 1716 726 1730 ;
746 1707 840 1729 duabus
853 1707 919 1736 Aug.
1215 1703 1413 1728 commendanda
1425 1711 1494 1726 suam
1507 1703 1667 1727 intentionem
1680 1707 1720 1727 elc.
1735 1705 1801 1734 Aug.

475 1773 681 1804 Suhsmpn'omm
700 1781 749 1797 non
767 1774 857 1796 hahent
877 1773 936 1795 ΗΘ.

477 1881 574 1905 Deinde
592 1882 705 1913 sequitur
721 1883 748 1905 7'11
766 1882 816 1905 ΗΘ
835 1883 934 1910 Bened„
953 1883 1008 1906 uita
1021 1882 1143 1905 Iohannis
1160 1890 1190 1905 ex
1207 1882 1361 1911 Hieronymo
1378 1881 1419 1904 ‘de
1437 1880 1502 1903 uiris
1520 1879 1565 1904 ill)
1583 1881 1728 1911 desumpta;
1746 1880 1870 1903 edidimus
1887 1888 1917 1904 ex

576 1921 652 1944 (odire
670 1921 702 1949 H,
717 1921 878 1944 {cursantibus
895 1921 1037 1945 lectionibus
1053 1921 1096 1944 cod
1114 1921 1136 1944 Θ
1149 1921 1265 1952 adpositis
1277 1924 1299 1943 ct
1315 1919 1440 1943 Uallarsiz'
1451 1919 1498 1943 nol.
1512 1919 1544 1942 11.
1553 1922 1580 1950 p.
1594 1920 1656 1949 S3o;
1674 1918 1703 1950 cs.
1717 1923 1740 1943 el
1756 1919 1916 1942 leovzasz'um

576 1960 595 1983 I.
604 1964 631 1990 p.
645 1967 699 1990 344.

478 2001 610 2032 Inscriptio
622 2002 692 2024 dccsl.

501 2060 663 2090 Iohannes
679 2060 847 2100 apostolus
864 2071 962 2100 quem
981 2061 1065 2091 iesus
1087 2061 1210 2091 amauit
1232 2060 1408 2100 plurimum
1430 2059 1515 2090 filius
1537 2059 1668 2090 zebedei
1690 2059 1789 2090 frater
1811 2059 1916 2090 iacobi

413 2112 552 2152 apostoli
570 2113 625 2151 qui
642 2118 750 2143 narrat
768 2112 943 2143 iohannem
967 2112 1147 2153 baptistam
1168 2113 1210 2143 ab
1232 2112 1355 2143 herode
1373 2112 1572 2143 decollatum
1591 2112 1689 2142 fuisse
1707 2111 1918 2142 Nouissimus

414 2164 560 2195 omnium
591 2165 717 2204 scripsit
755 2165 959 2204 euangelium
993 2169 1128 2205 rogatus
1158 2164 1201 2195 ab
1235 2165 1322 2195 asiae
1355 2164 1518 2204 episcopis
1548 2165 1704 2194 aduersus
1736 2163 1918 2194 cherintum

414 2216 559 2255 aliosque
575 2216 735 2248 hereticos
757 2221 789 2247 et
812 2217 957 2247 maxime
978 2221 1056 2247 tunc
1077 2216 1318 2247 hebionitarum
1336 2217 1458 2256 dogma
1477 2226 1676 2256 consurgens
1696 2216 1751 2256 qui
1771 2219 1919 2246 asserunt

414 2268 571 2299 christum
605 2274 682 2299 ante
714 2269 850 2299 mariam
883 2279 949 2300 non
981 2269 1077 2299 fuisse
1114 2269 1200 2298 unde
1237 2269 1336 2299 etiam
1374 2268 1549 2308 conpulsus
1586 2273 1635 2299 est
1671 2268 1818 2298 diuinam
1849 2267 1942 2297 eius5

416 2320 623 2350 natiuitatem
648 2321 754 2351 dicere
778 2322 836 2352 sed
860 2326 892 2352 et
917 2321 1016 2351 aliam
1040 2331 1174 2351 causam
1199 2319 1294 2351 huius
1317 2321 1497 2361 scrIpturae
1521 2320 1635 2351 ferunt.
1691 2319 1791 2360 Quod
1816 2329 1917 2359 quum

416 2372 545 2411 legisset
574 2372 711 2403 matthei
742 2373 842 2404 marci
871 2373 963 2404 lucae
991 2372 1160 2403 uolumina
1184 2372 1370 2411 probauerit
1394 2373 1527 2412 quidem
1551 2377 1682 2403 textum
1706 2371 1862 2402 historiae
1885 2375 1918 2401 et

451 2472 472 2488 2.
491 2467 540 2492 qui
559 2484 563 2488 .
580 2484 585 2488 .
602 2484 607 2489 .
624 2467 711 2489 fuisse
730 2466 823 2495 (suisset
843 2467 898 2491 Hi:
924 2474 995 2497 quem
1014 2467 1117 2490 herodes
1253 2473 1275 2496 5.
1294 2468 1395 2490 etiam:
1414 2469 1437 2489 et
1451 2466 1542 2489 Benerl.
1559 2465 1625 2489 Uall.

417 2508 473 2535 post
493 2505 632 2535 passionem
653 2505 746 2528 domini
768 2505 902 2529 deeollauit
923 2506 1013 2534 (metat
1037 2506 1116 2529 Uallst
1253 2511 1275 2535 6,
1293 2512 1387 2535 edicere
1399 2512 1490 2535 Hem-‘J'
1507 2512 1573 2535 Uall-

418 2543 507 2566 Bened.
525 2543 591 2566 (fall.

451 2588 473 2611 3.
491 2584 619 2610 rogatus:
638 2591 727 2613 rogans
746 2583 836 2607 Bened.
872 2584 1006 2607 cerinthum
1026 2584 1117 2606 Bened.
1169 2615 1170 2633 χ

424 2620 490 2643 (loll.
1169 2642 1170 2646 ,

1256 2563 1275 2587 7.
1296 2558 1380 2580 marci
1391 2564 1406 2581 ψ
1415 2561 1438 2580 et
1452 2557 1544 2581 fri-ned.
1564 2557 1628 2581 Uall.
