2209 3147
391 241 451 279 678

676 335 738 357 Par.
748 334 804 358 Lal.
819 333 853 358 6⁴.

391 381 443 409 XI.
466 381 510 409 De
531 381 684 410 dilectione
706 382 889 412 inimicorum
905 404 911 410 .
927 387 955 411 et
974 392 1010 411 ne
1031 382 1142 411 iusticia

432 434 528 457 nostra
543 438 641 457 coram
658 429 826 458 hominibus
842 429 900 458 fiat.

390 475 458 503 XII.
474 475 519 504 De
531 475 695 504 elemosinis
710 481 741 504 ut
756 477 866 505 nesciat
882 476 1014 505 sinistra.
1029 482 1056 505 et
1071 485 1145 514 quo-

431 522 522 551 modo
537 523 571 551 sit
587 523 738 552 orandum.

391 614 488 656 [XIII.
511 614 561 656 I]n
580 617 689 646 ieiuniis
709 626 770 646 non
791 618 1021 647 contristantium
1039 639 1044 644 .
1061 622 1088 645 et
1108 617 1143 645 de

430 663 564 693 thesauro
586 665 615 693 in
636 664 718 693 caelo
741 687 747 694 .
768 669 796 693 et
815 665 934 694 lucerna
953 665 1084 702 corporis
1104 664 1143 692 tui

431 715 473 739 est
488 711 607 741 occulus
623 716 698 741 tuus.

390 850 519 892 [XIIII].
543 852 626 881 XIII.
649 852 747 882 Nemo
768 858 863 891 potest
883 853 999 881 duobus
1014 853 1119 881 seruire
1137 876 1142 880 .

432 905 460 928 et
482 900 518 928 de
539 900 701 930 uolatilibus
723 906 750 929 et
772 901 835 929 liliis
858 900 942 938 agri.
957 905 986 928 et
1008 899 1142 928 sollicitu-

434 946 501 975 dine
517 947 582 976 diei.

393 1086 488 1128 [XV].
511 1089 605 1118 X1111.
628 1090 673 1118 De
691 1089 801 1118 festuca
822 1094 849 1117 et
867 1089 949 1117 trabe
967 1089 997 1116 in
1017 1088 1120 1117 occulo
1137 1110 1142 1116 .

434 1142 461 1164 et
483 1136 518 1165 de
540 1137 699 1174 margaritis
721 1142 787 1165 ante
810 1146 915 1174 porcos
935 1158 940 1164 .
961 1141 988 1164 et
1010 1136 1096 1172 petite
1118 1140 1144 1163 et

434 1183 547 1212 dabitur
559 1184 642 1212 uobis
657 1189 685 1213 et
704 1193 777 1221 quae
793 1183 878 1212 uultis
895 1189 925 1211 ut
937 1183 1041 1211 faciant
1057 1182 1144 1210 uobis

435 1231 574 1259 homines.

394 1276 504 1317 [XVI]
522 1278 587 1306 XV.
604 1278 709 1306 Intrate
730 1287 780 1316 per
798 1283 951 1315 angustam
967 1282 1079 1314 portam
1095 1299 1101 1305 .
1119 1281 1146 1304 et

434 1331 534 1354 cauete
548 1335 565 1354 a
577 1325 654 1354 falsis
670 1325 816 1363 prophetis
833 1347 838 1353 .
854 1331 881 1353 et
897 1324 932 1353 de
949 1325 1049 1352 arbore
1065 1323 1145 1351 bona

436 1377 464 1401 et
479 1372 563 1401 mala.

393 1512 613 1554 [XV11].XV1.
635 1513 704 1542 Non
724 1512 819 1542 omnis
840 1513 888 1550 qui
909 1511 978 1540 dicit
997 1511 1066 1539 mihi
1088 1511 1145 1539 dfie

434 1561 490 1590 dfie
507 1561 622 1589 intrabit
637 1561 665 1588 in
681 1569 804 1597 regnum
820 1560 967 1588 caelorum
988 1581 994 1587 .
1014 1564 1041 1587 et
1057 1558 1147 1587 domo

435 1608 588 1637 hedificata
607 1616 693 1645 super
708 1612 819 1646 petram
835 1611 863 1635 et
879 1616 964 1644 super
979 1615 1106 1634 arenam.

395 1747 537 1790 [XVIII]
563 1749 660 1777 XVII.
687 1748 878 1777 Descendens
909 1748 953 1776 ihs
983 1747 1018 1776 de
1048 1752 1147 1776 monte

437 1797 583 1835 leprosum
598 1796 761 1825 mundauit.

396 1889 554 1930 [XVIIII]
577 1890 691 1919 XVIII.
726 1890 774 1917 Ihs
803 1889 832 1917 in
855 1889 1022 1926 capharnau
1048 1894 1146 1917 centu-

438 1939 525 1967 rionis
541 1947 662 1975 puerum
678 1937 791 1966 saluum
806 1936 878 1964 feeit.

395 2030 631 2072 [XX].XV111¹.
655 2031 777 2060 Socrum
793 2029 865 2068 petri
880 2030 924 2058 ihs
936 2030 965 2058 in
977 2029 1144 2067 capharnau

438 2089 454 2108 a
469 2079 593 2107 febribus
608 2079 739 2107 liberauit
755 2100 761 2106 .
776 2083 803 2106 et
818 2077 923 2105 multos
938 2076 1012 2104 male
1028 2077 1147 2105 abentes

438 2127 556 2155 curauit.

397 2172 507 2213 [XXI].
529 2173 595 2201 XX.
618 2172 677 2201 Ubi
689 2171 808 2209 quidam
824 2171 916 2199 scriba
928 2170 998 2198 dixit
1013 2169 1148 2207 magister

437 2230 540 2259 sequar
555 2226 581 2249 te
598 2242 603 2248 .
619 2225 647 2248 et
669 2219 725 2248 alio
744 2218 788 2246 ihs
808 2218 878 2246 dixit
899 2226 1019 2254 sequere
1034 2226 1080 2245 me
1097 2238 1103 2245 .
1121 2223 1149 2245 et

438 2269 467 2296 in
483 2267 617 2296 nauicula
632 2267 785 2295 suscitatus
801 2264 958 2302 discipulos
973 2264 1073 2292 saluat.

431 2515 521 2547 [XIII]
539 2516 648 2539 Initium
667 2519 728 2539 certe
743 2514 849 2546 capituli
856 2523 863 2541 ,-
885 2514 955 2545 lapsu
971 2516 1054 2536 aulem
1067 2513 1150 2536 omisi(

397 2555 475 2578 srrz‘ha
485 2558 507 2578 ct
520 2562 653 2578 numerum
664 2557 686 2577 ct
693 2554 806 2585 primam
819 2553 919 2576 lileram
932 2552 1054 2583 capituli:
1073 2552 1109 2574 ila
1122 2555 1150 2575 ut

398 2601 480 2617 nemo
498 2596 590 2621 potest
606 2593 650 2616 suh
667 2601 769 2616 numero
786 2592 827 2615 xiii
840 2591 952 2623 posuerit
969 2594 992 2614 el
1006 2591 1039 2614 sic
1051 2591 1086 2613 acl
1098 2594 1149 2621 sap.

398 2632 506 2656 XXVII.
542 2634 773 2656 contristantium
788 2639 811 2655 m
818 2635 844 2662 p.
858 2630 1052 2655 contristandum
1065 2637 1111 2653 cor.

1045 241 1155 270 EPIL
1162 241 1218 271 OG
1225 240 1285 270 US.

1491 333 1569 358 Harl.
1586 339 1657 365 ²790·

1198 476 1234 504 X.
1258 475 1297 504 Ut
1333 475 1361 504 in
1390 475 1574 512 aelymosinis
1607 475 1715 504 nesciat
1745 475 1857 504 sinistra
1882 474 1951 513 quid

1239 522 1322 551 faciat
1345 522 1472 550 dextera.

1197 617 1249 644 XI.
1273 616 1335 645 Nec
1358 616 1481 644 multum
1505 616 1534 644 in
1560 616 1691 645 oratione
1716 615 1897 654 loquendum
1924 622 1952 645 et

1238 664 1338 692 orandi
1354 663 1547 692 traditionem.

1197 711 1265 739 XII.
1289 710 1396 739 Laetus
1418 711 1523 739 ducere
1545 710 1682 739 ieiunium
1705 715 1732 740 et
1754 710 1948 739 thesaurizan-

1239 758 1309 787 dum
1327 758 1357 786 in
1373 757 1463 786 caelo.

1197 852 1281 880 XIII.
1310 851 1379 880 Non
1401 851 1516 880 duobus
1537 852 1587 880 sed
1609 861 1667 881 uno
1689 853 1784 889 potius
1807 852 1867 880 dfio
1890 861 1947 880 ser-

1237 899 1375 928 uiendum
1391 908 1445 928 nec
1460 899 1580 927 omnino
1595 900 1735 936 xpianum
1755 899 1833 928 iubet
1848 908 1947 928 escam

1237 951 1267 974 ut
1283 955 1414 983 paganus
1427 950 1597 984 uestemque
1614 956 1762 984 quaerere.

1197 1087 1296 1116 XIIII.
1318 1087 1494 1125 Exemplum
1513 1087 1543 1115 in
1566 1087 1679 1116 iudiciis
1698 1088 1819 1125 stipulae
1835 1097 1952 1126 ponens

1238 1140 1266 1163 et
1301 1135 1375 1163 trabi
1404 1140 1432 1163 et
1456 1134 1620 1163 cauendum
1653 1136 1751 1172 porcis
1779 1135 1953 1173 margaritas

1238 1181 1350 1210 offerre.

1198 1275 1264 1303 XV.
1286 1275 1404 1304 Portam
1428 1281 1581 1312 angustam
1609 1276 1820 1304 elaborandum
1845 1277 1952 1305 intrare

1240 1327 1267 1351 et
1281 1332 1298 1351 a
1312 1323 1461 1360 prophetis
1478 1322 1644 1351 cauendum
1659 1323 1747 1352 falsis.

1200 1511 1281 1540 XVI.
1311 1512 1369 1541 Hic
1391 1511 1459 1540 dicit
1491 1521 1550 1540 non
1583 1511 1677 1540 omnis
1710 1511 1759 1548 qui
1791 1511 1861 1540 dicit
1896 1511 1953 1540 dfie

1242 1560 1298 1588 dfie
1324 1560 1439 1588 intrabit
1466 1559 1495 1586 in
1521 1568 1644 1596 regnum
1670 1558 1817 1587 caelorum
1843 1567 1953 1596 eosque

1241 1606 1364 1635 harenae
1380 1611 1522 1644 coaequat
1538 1607 1627 1634 iustos
1642 1615 1714 1634 saxo
1729 1605 1873 1634 fundatos.

1201 1748 1298 1777 XVII.
1321 1747 1483 1786 Leprosum
1499 1747 1645 1776 emundat.

1199 1890 1313 1918 XVIII.
1335 1889 1518 1919 Centurionis
1533 1888 1663 1926 adaeque
1678 1897 1800 1926 puerum
1815 1894 1910 1917 sanat.

1199 2031 1329 2060 XVIIII.
1366 2030 1587 2059 Febricitantem
1617 2039 1733 2059 socrum
1763 2031 1844 2068 erigit
1870 2031 1951 2068 petri.

1241 2078 1395 2116 multisque
1410 2077 1543 2106 sanitates
1558 2086 1690 2114 erogans.

1201 2166 1266 2194 XX.
1295 2166 1365 2194 Non
1386 2165 1481 2194 habeo
1503 2165 1551 2193 ubi
1573 2169 1660 2203 caput
1682 2165 1818 2193 reclinem
1841 2165 1951 2194 scribae

1242 2214 1310 2241 dicit
1329 2213 1381 2241 ihs.

1202 2260 1282 2288 XXI.
1318 2259 1546 2288 Periclitantibus
1576 2258 1722 2296 discipulis
1751 2259 1794 2288 ihs
1829 2260 1952 2297 imperat

1242 2316 1320 2336 mari.

1234 2506 1308 2530 XIII.
1328 2506 1411 2530 iubent
1423 2508 1480 2537 m.p.
1493 2508 1521 2529 ut
1534 2504 1644 2528 uidetur.
