2209 3147
446 286 505 318 182

691 370 801 393 AHVY.

445 558 556 586 XXXI.
580 557 749 586 Pharisaeos
775 557 811 586 de
839 566 928 585 uxore
954 557 1046 584 dimit-

485 605 572 634 tenda
594 610 764 642 quaerentes
786 605 860 633 mosi
883 603 1047 633 testimonio

485 653 631 681 conuincit
656 657 684 680 et
708 652 831 680 infantes
860 661 877 680 a
903 661 933 680 se
959 650 1047 679 uetari

485 699 642 737 prohibens
657 699 810 727 benedicit.

445 834 574 862 XXXII.
596 834 642 862 De
668 834 832 862 difficultate
858 833 977 861 diuitum
1003 833 1048 860 in-

486 881 580 910 trandi
607 882 636 909 in
662 891 783 919 regnum
809 881 854 909 dei
880 880 1048 909 mirantibus

487 929 632 966 discipulis
647 929 685 957 ait
697 933 891 957 contemtores
906 928 1049 956 bonorum

486 976 674 1004 saecularium
699 976 865 1013 centuplum
892 984 959 1003 cum
984 984 1048 1012 per-

486 1023 682 1051 secutionibus
698 1028 874 1060 recepturos.

446 1070 590 1098 XXXIII.
616 1070 689 1098 Item
717 1070 888 1107 praedicens
914 1077 943 1097 se
972 1068 1049 1096 occi-

488 1117 616 1145 dendum
645 1117 728 1145 sedes
756 1122 886 1154 petentes
914 1116 1048 1143 iacobum

487 1165 615 1202 increpat
627 1170 654 1192 et
666 1164 825 1193 iohannem
837 1164 872 1191 de
885 1163 1048 1200 principatu

487 1211 608 1248 gentiles
618 1211 774 1249 prohibens
786 1210 943 1238 imitandos
954 1209 1048 1238 humi-

488 1258 574 1287 litatis
589 1258 724 1295 exemplo
739 1263 907 1286 monstrato.

447 1305 607 1333 XXXIIII.
629 1305 810 1333 Bartimaeus
835 1313 937 1333 caecus
966 1312 1048 1331 men-

488 1352 588 1381 dicans
604 1353 790 1380 inluminatur
805 1357 832 1380 et
847 1352 980 1389 sequitur.

448 1399 573 1428 XXXV.
597 1399 683 1427 Mittit
698 1399 801 1427 adduci
821 1399 931 1436 pullum
953 1398 1049 1426 asinae

489 1447 534 1475 cui
550 1447 655 1475 sedens
670 1446 748 1475 audit
763 1455 779 1474 a
794 1446 884 1474 turbis
899 1454 1019 1474 osanna.

449 1494 590 1522 XXXVI.
616 1493 758 1530 Egressus
780 1493 815 1521 de
838 1493 946 1530 templo
969 1492 1049 1520 ficul-

489 1550 560 1569 neae
583 1541 726 1569 maledicit
752 1549 954 1577 regressusque
980 1548 1049 1567 uen-

490 1588 591 1616 dentes
620 1588 683 1616 eicit
713 1587 894 1625 arefactaque
926 1586 1049 1615 ficulnea

489 1635 658 1663 mirantibus
690 1635 728 1662 ait
761 1640 875 1663 orantes
904 1633 1049 1663 credendo

489 1682 620 1719 accipere
635 1682 787 1719 postulata.

449 1774 606 1803 XXXVII.
629 1775 674 1804 De
695 1780 836 1812 potestate
855 1775 1051 1812 percontanti-

490 1824 544 1851 bus
564 1823 683 1851 iudaeos
705 1823 765 1860 ipse
787 1822 823 1850 de
843 1823 987 1859 baptismo
1010 1822 1050 1850 io-

490 1870 595 1898 hannis
623 1869 828 1906 interrogando
854 1870 999 1898 conuincit
1024 1874 1051 1897 et

491 1917 527 1945 de
542 1917 627 1945 uinea
637 1916 806 1954 colonisque
821 1917 953 1953 pessimis
969 1926 1051 1954 para—

491 1963 588 1993 bolam
604 1964 692 2001 ponit.

451 2111 625 2139 XXXVIII.
648 2111 820 2139 Temtantes
847 2111 882 2139 de
905 2111 1052 2139 reddendo

484 2212 595 2235 XXXII.
613 2211 803 2235 saeculariorum
821 2211 904 2234 Thous.

485 2245 608 2268 XXXIII.
634 2244 665 2267 de
687 2244 851 2275 principatum
873 2243 906 2267 H.
941 2244 1054 2275 exempla

451 2278 498 2301 coil.
511 2282 549 2308 ap.
568 2277 652 2300 Thoan.
686 2276 845 2300 monstrando
860 2277 942 2300 Tllom.

486 2310 592 2333 XXXV.
610 2311 712 2333 adduci
725 2311 849 2337 pullum:
864 2310 895 2332 ad
905 2309 1053 2340 discipulum

454 2342 495 2366 H*
514 2349 588 2373 (κου’.
608 2342 656 2369 ff)
674 2342 704 2365 Y.
738 2344 798 2365 eui:
822 2342 891 2365 cuius
912 2342 945 2365 H.
981 2342 1054 2365 audet

454 2376 496 2402 H:
515 2376 609 2398 audiuit
627 2375 711 2398 Tlmm.

487 2408 607 2431 XXXVI.
627 2408 697 2431 eiecit
719 2407 802 2431 Tlmm.
837 2415 882 2431 om.
899 2409 1054 2431 uendentes

454 2443 503 2465 eie.
517 2442 693 2468 arefactaque
706 2441 736 2464 Y.

488 2473 622 2498 XXXVII.
641 2476 811 2505 percontantes
825 2473 848 2496 H
867 2473 951 2496 lem.

923 285 1148 315 CAPITULA
1177 285 1233 313 IN
1253 283 1576 313 EUANGELIUM

1200 368 1270 392 coT
1282 368 1358 391 Harl.
1373 373 1444 399 2797.

1140 415 1204 443 Hac
1230 415 1265 442 de
1294 414 1380 442 oculo
1409 423 1497 442 manu
1524 418 1551 441 et

1180 462 1253 500 pede
1268 461 1424 490 heruendo.

1138 509 1175 537 Et
1190 510 1301 537 bonum
1317 514 1359 537 est
1374 508 1424 536 sal.

1140 556 1295 584 Huxorem
1313 564 1373 584 non
1389 555 1494 583 debere
1510 554 1551 581 di-

1180 603 1262 631 mitti.

1140 650 1268 678 Infantes
1284 659 1343 678 non
1359 648 1532 686 arguendos.

1141 744 1275 773 Uenditis
1310 744 1445 772 omnibus
1477 742 1551 770 aele-

1182 800 1335 828 mosynarn
1351 789 1485 818 dandam.

1142 839 1179 866 Et
1211 838 1324 866 difficile
1358 837 1476 865 diuitem
1509 835 1551 863 in-

1183 890 1256 913 trare
1271 885 1301 913 in
1317 893 1440 921 regnum
1455 883 1509 911 dei.

1101 1069 1215 1097 VIIII.
1240 1068 1332 1099 Quae
1350 1067 1402 1094 aei
1417 1067 1553 1093 hessent

1183 1117 1327 1143 uentura
1341 1113 1516 1148 praedicit.

1143 1162 1187 1190 De
1203 1162 1266 1189 filiis
1282 1161 1408 1189 zebedei.

1142 1303 1188 1330 De
1203 1311 1291 1330 caeco
1306 1301 1489 1329 mendicante
1505 1309 1555 1328 cu-

1182 1354 1253 1377 rato.

1143 1396 1188 1425 De
1203 1396 1283 1433 pullo
1298 1395 1432 1432 hasynae.

1144 1491 1188 1519 De
1211 1489 1408 1519 nummolariis
1429 1488 1464 1516 de
1484 1494 1555 1516 tein-

1183 1538 1233 1575 plo
1248 1537 1383 1574 hegectis.

1144 1586 1188 1614 De
1213 1584 1337 1613 ficulnea
1360 1592 1433 1621 quae
1460 1582 1559 1610 harida

1185 1632 1260 1660 facta
1275 1637 1325 1659 est.

1144 1679 1190 1707 De
1213 1679 1338 1716 peccatis
1367 1677 1484 1705 fratrum
1514 1685 1558 1704 re-

1185 1725 1339 1754 mittendis.

1104 1778 1143 1804 X.
1165 1777 1400 1808 Interrogatus
1429 1774 1465 1801 in
1491 1780 1558 1807 qua

1185 1824 1352 1857 potestate
1391 1822 1474 1848 haec
1510 1821 1557 1848 fa-

1186 1872 1277 1898 oeret

1144 1917 1179 1945 de
1196 1915 1334 1944 Iohannis
1350 1914 1495 1942 babtismo
1515 1914 1557 1940 in-

1185 1968 1319 1999 terrogat.

1146 2010 1288 2038 Parabola
1303 2009 1339 2037 de
1359 2009 1444 2037 uinea
1463 2013 1491 2036 et
1510 2017 1558 2036 co-

1186 2058 1268 2085 lonis.

1146 2105 1191 2133 De
1207 2104 1326 2132 denario
1343 2102 1475 2131 caesaris.

1140 2203 1212 2226 VIII.
1231 2210 1276 2225 om.
1286 2203 1319 2225 de
1328 2204 1384 2224 aule
1394 2202 1475 2224 oculo
1484 2200 1559 2223 llarl.

1106 2237 1200 2260 bonum
1218 2243 1270 2258 csse
1288 2234 1324 2257 sal
1342 2234 1425 2257 Tlmm.
1457 2240 1559 2263 regnum

1107 2269 1231 2293 caelorum
1244 2270 1275 2290 Θ.

1140 2301 1227 2324 VIIII.
1251 2302 1430 2327 hasynae†et
1451 2298 1559 2322 claman-

1107 2335 1174 2358 tibus
1186 2334 1286 2357 Osanna
1304 2333 1328 2355 T
1325 2332 1389 2355 hom.
1403 2331 1464 2362 (mm
1477 2335 1559 2354 aulem

1108 2368 1181 2391 Alex.
1208 2366 1258 2396 14).
1305 2372 1367 2396 quae
1394 2364 1500 2388 arefacta
1524 2366 1560 2387 est

1113 2401 1198 2423 Tlmm.

1610 368 1626 390 J
1644 367 1747 397 tbreues)
1760 366 1808 390 ΟΧ
1815 367 1874 389 Par.
1887 366 1944 390 Lat.
1961 366 2047 396 10438.

1604 563 1724 582 uxorem
1740 562 1799 582 non
1815 552 2015 581 dimittendam

1604 647 1727 675 infantes
1742 657 1758 675 a
1776 647 1977 675 benedictione
1997 654 2056 673 non

1644 703 1707 722 esse
1721 694 1862 722 arcendos

1604 741 1726 769 uenditis
1753 741 1889 769 omnibus
1915 740 2056 777 elemosy-

1645 797 1713 816 nam
1730 788 1857 815 dandam

1603 841 1630 863 et
1645 835 1713 872 quia
1728 834 1839 863 difficile
1854 834 1934 863 diues
1949 834 1978 862 in
1993 843 2057 871 reg-

1645 891 1715 909 num
1731 882 1878 910 caelorum
1897 881 1932 909 sit
1948 881 2057 918 ingres-

1645 938 1735 957 surus.

1605 1063 1704 1092 VIIII.
1727 1063 1764 1091 Et
1777 1068 1897 1091 uentura
1912 1063 1964 1091 sibi
1976 1072 2058 1100 prae-

1647 1111 1713 1139 dicit
1725 1111 1824 1148 petitio
1836 1110 1960 1138 filiorum
1975 1110 2058 1138 zebe-

1648 1158 1711 1186 daei

1608 1304 1643 1332 de
1656 1312 1745 1332 caeco
1761 1302 1943 1331 mendicante
1959 1306 2059 1330 curato

1607 1398 1642 1426 de
1658 1397 1736 1435 pullo
1751 1397 1855 1425 asinae.

1611 1775 1647 1802 X.
1669 1775 1865 1811 Interrogatus
1882 1774 1911 1802 in
1931 1782 1989 1810 qua
2009 1781 2062 1810 po·

1651 1827 1750 1851 testate
1766 1822 1837 1850 haec
1856 1821 1961 1849 faceret
1981 1828 2062 1857 para-

1651 1869 1747 1898 bulain
1760 1869 1794 1897 de
1810 1869 1895 1896 uinea
1910 1872 1937 1896 et
1952 1867 2063 1896 colonis

1610 2114 1638 2137 et
1653 2109 1772 2137 denario
1786 2108 1909 2136 caesaris

1645 2203 1716 2227 VIII.
1736 2201 2015 2226 dimittendam÷nisi
2031 2201 2064 2224 ob

1612 2236 1799 2260 fornicationem
1811 2236 1835 2258 X
1853 2235 1937 2258 Tlmm.
1965 2243 1980 2258 a
1992 2234 2064 2257 bene-

1612 2269 1727 2293 dictionis
1739 2277 1764 2292 se
1773 2268 1908 2292 archendos
1917 2266 1960 2290 O*.
1988 2274 2064 2290 essar-

1613 2302 1705 2326 cendos
1722 2301 1806 2324 Thom.
1824 2309 1869 2324 om.
1889 2302 1919 2323 in
1937 2303 1994 2323 ante
2005 2307 2064 2327 reg-

1613 2343 1681 2358 num
1698 2335 1742 2358 JX
1763 2334 1846 2357 Tlmm.
1866 2337 1889 2356 et
1907 2332 2009 2356 difficile
2028 2332 2064 2355 di-

1614 2368 1676 2391 uites
1689 2367 1749 2390 inire
1762 2367 1785 2389 in
1798 2375 1815 2389 r.
1829 2366 1889 2390 cael.
1903 2364 1942 2389 0².

1647 2400 1733 2423 VIIII.
1745 2403 1861 2423 euentura
1869 2398 1913 2421 JX
1923 2398 2007 2421 Pham.
2023 2398 2064 2420 in-

1614 2435 1772 2460 terrogatus
1790 2439 1807 2455 c.
1824 2440 1846 2462 q.
1859 2439 1876 2454 s.
1895 2431 1922 2454 in
1941 2430 1978 2453 IX
1992 2430 2066 2460 ponit

1619 2467 1644 2489 T
1640 2466 1704 2494 hom,
1719 2468 1741 2488 ct
1758 2465 1805 2487 inc.
1824 2465 1847 2487 X
1865 2471 1914 2486 uon
1927 2463 1965 2486 XI
1982 2463 2015 2485 ad
2030 2464 2064 2486 do

1614 2500 1721 2526 pseudo
1733 2498 1854 2521 christis.

1648 2531 1679 2554 X.
1698 2532 1860 2560 interrogatur
1871 2528 1928 2551 ΟΧ.
1946 2527 2065 2559 parabola

1620 2565 1644 2587 T
1642 2564 1704 2587 hom.
1734 2563 1829 2586 uineam
1842 2561 1912 2585 OX*.
1942 2562 2064 2584 colonis:

1615 2595 1730 2627 agricolis
1747 2596 1772 2618 J.
1808 2595 1838 2618 de
1855 2593 1956 2617 ‹lcnario
1974 2593 2066 2621 leom„

1616 2633 1640 2652 et
1658 2629 1687 2652 de
1705 2628 1759 2652 den.
1778 2629 1804 2651 J.
1844 2626 1947 2651 caesaris
1968 2626 2003 2649 lais
2021 2633 2065 2648 ,τι-ν,

1617 2662 1661 2683 0⁸.
