<?xml version="1.0" encoding="UTF-8"?>
<!DOCTYPE html PUBLIC "-//W3C//DTD XHTML 1.0 Transitional//EN"
    "http://www.w3.org/TR/xhtml1/DTD/xhtml1-transitional.dtd">
<html xmlns="http://www.w3.org/1999/xhtml" xml:lang="en" lang="en">
 <head>
  <title>
</title>
<meta http-equiv="Content-Type" content="text/html;charset=utf-8" />
  <meta name='ocr-system' content='tesseract 3.04.00' />
  <meta name='ocr-capabilities' content='ocr_page ocr_carea ocr_par ocr_line ocrx_word'/>
</head>
<body>
  <div class='ocr_page' id='page_1' title='image "./quattuoreuangeli00jero_0729.png"; bbox 0 0 2209 3147; ppageno 0'>
   <div class='ocr_carea' id='block_1_1' title="bbox 694 236 1439 268">
    <p class='ocr_par' dir='ltr' id='par_1_1' title="bbox 694 236 1439 268">
     <span class='ocr_line' id='line_1_1' title="bbox 694 236 1439 268; baseline -0.001 -1"><span class='ocrx_word' id='word_1_1' title='bbox 694 238 919 268; x_wconf 78' lang='lat' dir='ltr'>CAPITULA</span> <span class='ocrx_word' id='word_1_2' title='bbox 947 237 1055 266; x_wconf 76' lang='lat' dir='ltr'>ALIA</span> <span class='ocrx_word' id='word_1_3' title='bbox 1083 237 1141 266; x_wconf 92' lang='lat' dir='ltr'>IN</span> <span class='ocrx_word' id='word_1_4' title='bbox 1160 236 1439 266; x_wconf 82' lang='lat' dir='ltr'>MATTHEUM.</span> 
     </span>
    </p>
   </div>
   <div class='ocr_carea' id='block_1_2' title="bbox 285 330 888 1541">
    <p class='ocr_par' dir='ltr' id='par_1_2' title="bbox 474 330 707 360">
     <span class='ocr_line' id='line_1_2' title="bbox 474 330 707 360; baseline -0.004 -7"><span class='ocrx_word' id='word_1_5' title='bbox 474 331 536 353; x_wconf 82' lang='lat' dir='ltr'>Par.</span> <span class='ocrx_word' id='word_1_6' title='bbox 549 330 606 353; x_wconf 84' lang='lat' dir='ltr'>Lat.</span> <span class='ocrx_word' id='word_1_7' title='bbox 621 330 707 360; x_wconf 81' lang='lat'>10438.</span> 
     </span>
    </p>

    <p class='ocr_par' dir='ltr' id='par_1_3' title="bbox 291 377 888 601">
     <span class='ocr_line' id='line_1_3' title="bbox 291 377 887 414; baseline -0.002 -9"><span class='ocrx_word' id='word_1_8' title='bbox 291 377 431 406; x_wconf 90' lang='lat' dir='ltr'>XXXVI.</span> <span class='ocrx_word' id='word_1_9' title='bbox 454 377 498 405; x_wconf 85' lang='lat' dir='ltr'>Dc</span> <span class='ocrx_word' id='word_1_10' title='bbox 514 386 549 406; x_wconf 83' lang='lat' dir='ltr'>eo</span> <span class='ocrx_word' id='word_1_11' title='bbox 565 377 643 414; x_wconf 86' lang='lat' dir='ltr'>quod</span> <span class='ocrx_word' id='word_1_12' title='bbox 655 378 791 414; x_wconf 76' lang='lat' dir='ltr'>proponit</span> <span class='ocrx_word' id='word_1_13' title='bbox 806 386 887 414; x_wconf 85' lang='lat' dir='ltr'>para-</span> 
     </span>
     <span class='ocr_line' id='line_1_4' title="bbox 331 423 886 461; baseline -0.002 -9"><span class='ocrx_word' id='word_1_14' title='bbox 331 424 429 452; x_wconf 83' lang='lat' dir='ltr'>bolam</span> <span class='ocrx_word' id='word_1_15' title='bbox 444 424 479 452; x_wconf 88' lang='lat' dir='ltr'>de</span> <span class='ocrx_word' id='word_1_16' title='bbox 495 424 589 461; x_wconf 87' lang='lat' dir='ltr'>pueris</span> <span class='ocrx_word' id='word_1_17' title='bbox 604 424 633 452; x_wconf 91' lang='lat' dir='ltr'>in</span> <span class='ocrx_word' id='word_1_18' title='bbox 645 424 708 452; x_wconf 89' lang='lat' dir='ltr'>foro</span> <span class='ocrx_word' id='word_1_19' title='bbox 720 423 886 452; x_wconf 79' lang='lat' dir='ltr'>sedentibus</span> 
     </span>
     <span class='ocr_line' id='line_1_5' title="bbox 330 470 888 508; baseline -0.002 -9"><span class='ocrx_word' id='word_1_20' title='bbox 330 476 358 499; x_wconf 86' lang='lat' dir='ltr'>et</span> <span class='ocrx_word' id='word_1_21' title='bbox 378 471 457 508; x_wconf 91' lang='lat' dir='ltr'>quod</span> <span class='ocrx_word' id='word_1_22' title='bbox 479 471 656 508; x_wconf 84' lang='lat' dir='ltr'>improperat</span> <span class='ocrx_word' id='word_1_23' title='bbox 673 470 837 499; x_wconf 83' lang='lat' dir='ltr'>chorozaim</span> <span class='ocrx_word' id='word_1_24' title='bbox 859 475 888 498; x_wconf 87' lang='lat' dir='ltr'>et</span> 
     </span>
     <span class='ocr_line' id='line_1_6' title="bbox 334 517 887 555; baseline -0.002 -10"><span class='ocrx_word' id='word_1_25' title='bbox 334 517 481 546; x_wconf 80' lang='lat' dir='ltr'>bethsaida</span> <span class='ocrx_word' id='word_1_26' title='bbox 523 517 601 555; x_wconf 88' lang='lat' dir='ltr'>quod</span> <span class='ocrx_word' id='word_1_27' title='bbox 641 526 701 546; x_wconf 93' lang='lat' dir='ltr'>non</span> <span class='ocrx_word' id='word_1_28' title='bbox 743 517 887 554; x_wconf 85' lang='lat' dir='ltr'>aegissent</span> 
     </span>
     <span class='ocr_line' id='line_1_7' title="bbox 330 565 544 601; baseline 0 -9"><span class='ocrx_word' id='word_1_29' title='bbox 330 565 544 601; x_wconf 85' lang='lat' dir='ltr'>paenitentiam.</span> 
     </span>
    </p>

    <p class='ocr_par' dir='ltr' id='par_1_4' title="bbox 290 610 886 779">
     <span class='ocr_line' id='line_1_8' title="bbox 290 610 886 648; baseline -0.002 -9"><span class='ocrx_word' id='word_1_30' title='bbox 290 610 445 639; x_wconf 92' lang='lat' dir='ltr'>XXXVII.</span> <span class='ocrx_word' id='word_1_31' title='bbox 481 610 526 639; x_wconf 87' lang='lat' dir='ltr'>De</span> <span class='ocrx_word' id='word_1_32' title='bbox 556 620 591 639; x_wconf 88' lang='lat' dir='ltr'>eo</span> <span class='ocrx_word' id='word_1_33' title='bbox 621 611 701 648; x_wconf 90' lang='lat' dir='ltr'>quod</span> <span class='ocrx_word' id='word_1_34' title='bbox 735 611 886 639; x_wconf 85' lang='lat' dir='ltr'>confitetur</span> 
     </span>
     <span class='ocr_line' id='line_1_9' title="bbox 328 657 886 695; baseline 0 -10"><span class='ocrx_word' id='word_1_35' title='bbox 328 658 399 695; x_wconf 91' lang='lat' dir='ltr'>patri</span> <span class='ocrx_word' id='word_1_36' title='bbox 414 658 492 694; x_wconf 91' lang='lat' dir='ltr'>quod</span> <span class='ocrx_word' id='word_1_37' title='bbox 515 658 684 686; x_wconf 83' lang='lat' dir='ltr'>reuelauerit</span> <span class='ocrx_word' id='word_1_38' title='bbox 705 667 734 685; x_wconf 87' lang='lat' dir='ltr'>se</span> <span class='ocrx_word' id='word_1_39' title='bbox 758 657 886 694; x_wconf 87' lang='lat' dir='ltr'>paruulis</span> 
     </span>
     <span class='ocr_line' id='line_1_10' title="bbox 329 704 885 741; baseline 0 -9"><span class='ocrx_word' id='word_1_40' title='bbox 329 709 357 733; x_wconf 89' lang='lat' dir='ltr'>et</span> <span class='ocrx_word' id='word_1_41' title='bbox 378 704 457 741; x_wconf 86' lang='lat' dir='ltr'>quod</span> <span class='ocrx_word' id='word_1_42' title='bbox 479 704 579 741; x_wconf 85' lang='lat' dir='ltr'>iugum</span> <span class='ocrx_word' id='word_1_43' title='bbox 602 704 676 732; x_wconf 89' lang='lat' dir='ltr'>illius</span> <span class='ocrx_word' id='word_1_44' title='bbox 699 710 775 732; x_wconf 83' lang='lat' dir='ltr'>esset</span> <span class='ocrx_word' id='word_1_45' title='bbox 796 713 885 732; x_wconf 89' lang='lat' dir='ltr'>suaue</span> 
     </span>
     <span class='ocr_line' id='line_1_11' title="bbox 329 750 607 779; baseline -0.004 0"><span class='ocrx_word' id='word_1_46' title='bbox 329 756 357 779; x_wconf 85' lang='lat' dir='ltr'>et</span> <span class='ocrx_word' id='word_1_47' title='bbox 371 759 444 779; x_wconf 86' lang='lat' dir='ltr'>onus</span> <span class='ocrx_word' id='word_1_48' title='bbox 460 751 520 779; x_wconf 87' lang='lat' dir='ltr'>eius</span> <span class='ocrx_word' id='word_1_49' title='bbox 536 750 607 779; x_wconf 83' lang='lat' dir='ltr'>leue.</span> 
     </span>
    </p>

    <p class='ocr_par' dir='ltr' id='par_1_5' title="bbox 288 797 887 967">
     <span class='ocr_line' id='line_1_12' title="bbox 288 797 887 835; baseline 0.002 -10"><span class='ocrx_word' id='word_1_50' title='bbox 288 797 460 825; x_wconf 84' lang='lat' dir='ltr'>XXXVIII.</span> <span class='ocrx_word' id='word_1_51' title='bbox 482 798 527 826; x_wconf 92' lang='lat' dir='ltr'>De</span> <span class='ocrx_word' id='word_1_52' title='bbox 539 807 575 826; x_wconf 85' lang='lat' dir='ltr'>eo</span> <span class='ocrx_word' id='word_1_53' title='bbox 586 798 665 835; x_wconf 87' lang='lat' dir='ltr'>quod</span> <span class='ocrx_word' id='word_1_54' title='bbox 678 798 810 835; x_wconf 87' lang='lat' dir='ltr'>discipuli</span> <span class='ocrx_word' id='word_1_55' title='bbox 826 798 887 826; x_wconf 82' lang='lat' dir='ltr'>uel-</span> 
     </span>
     <span class='ocr_line' id='line_1_13' title="bbox 328 845 887 882; baseline -0.002 -9"><span class='ocrx_word' id='word_1_56' title='bbox 328 845 427 873; x_wconf 82' lang='lat' dir='ltr'>lebant</span> <span class='ocrx_word' id='word_1_57' title='bbox 447 845 540 882; x_wconf 85' lang='lat' dir='ltr'>spicas</span> <span class='ocrx_word' id='word_1_58' title='bbox 562 845 689 873; x_wconf 85' lang='lat' dir='ltr'>sabbatis</span> <span class='ocrx_word' id='word_1_59' title='bbox 707 850 734 873; x_wconf 83' lang='lat' dir='ltr'>et</span> <span class='ocrx_word' id='word_1_60' title='bbox 749 845 829 882; x_wconf 86' lang='lat' dir='ltr'>quod</span> <span class='ocrx_word' id='word_1_61' title='bbox 844 845 887 872; x_wconf 75' lang='lat' dir='ltr'>ihs</span> 
     </span>
     <span class='ocr_line' id='line_1_14' title="bbox 328 892 887 930; baseline 0 -11"><span class='ocrx_word' id='word_1_62' title='bbox 328 892 422 928; x_wconf 82' lang='lat' dir='ltr'>magis</span> <span class='ocrx_word' id='word_1_63' title='bbox 457 892 517 920; x_wconf 82' lang='lat' dir='ltr'>uult</span> <span class='ocrx_word' id='word_1_64' title='bbox 545 892 771 921; x_wconf 84' lang='lat' dir='ltr'>misericordiam</span> <span class='ocrx_word' id='word_1_65' title='bbox 799 901 887 930; x_wconf 86' lang='lat' dir='ltr'>quam</span> 
     </span>
     <span class='ocr_line' id='line_1_15' title="bbox 328 939 506 967; baseline 0.006 -1"><span class='ocrx_word' id='word_1_66' title='bbox 328 939 506 967; x_wconf 86' lang='lat' dir='ltr'>sacrificium.</span> 
     </span>
    </p>

    <p class='ocr_par' dir='ltr' id='par_1_6' title="bbox 287 985 886 1108">
     <span class='ocr_line' id='line_1_16' title="bbox 287 985 885 1023; baseline 0.002 -10"><span class='ocrx_word' id='word_1_67' title='bbox 287 985 480 1014; x_wconf 87' lang='lat' dir='ltr'>XXXVIIII.</span> <span class='ocrx_word' id='word_1_68' title='bbox 509 985 554 1014; x_wconf 88' lang='lat' dir='ltr'>De</span> <span class='ocrx_word' id='word_1_69' title='bbox 586 995 621 1015; x_wconf 91' lang='lat' dir='ltr'>eo</span> <span class='ocrx_word' id='word_1_70' title='bbox 656 986 735 1023; x_wconf 91' lang='lat' dir='ltr'>quod</span> <span class='ocrx_word' id='word_1_71' title='bbox 771 986 885 1014; x_wconf 88' lang='lat' dir='ltr'>cuidam</span> 
     </span>
     <span class='ocr_line' id='line_1_17' title="bbox 327 1033 886 1070; baseline 0.002 -10"><span class='ocrx_word' id='word_1_72' title='bbox 327 1042 447 1061; x_wconf 85' lang='lat' dir='ltr'>manum</span> <span class='ocrx_word' id='word_1_73' title='bbox 475 1033 585 1061; x_wconf 82' lang='lat' dir='ltr'>aridam</span> <span class='ocrx_word' id='word_1_74' title='bbox 611 1033 723 1061; x_wconf 87' lang='lat' dir='ltr'>sanauit</span> <span class='ocrx_word' id='word_1_75' title='bbox 752 1038 780 1061; x_wconf 88' lang='lat' dir='ltr'>et</span> <span class='ocrx_word' id='word_1_76' title='bbox 806 1033 886 1070; x_wconf 88' lang='lat' dir='ltr'>quod</span> 
     </span>
     <span class='ocr_line' id='line_1_18' title="bbox 327 1080 730 1108; baseline 0 0"><span class='ocrx_word' id='word_1_77' title='bbox 327 1080 395 1108; x_wconf 89' lang='lat' dir='ltr'>dicit</span> <span class='ocrx_word' id='word_1_78' title='bbox 411 1080 537 1108; x_wconf 81' lang='lat' dir='ltr'>sabbatis</span> <span class='ocrx_word' id='word_1_79' title='bbox 552 1080 730 1108; x_wconf 77' lang='lat' dir='ltr'>benefacere.</span> 
     </span>
    </p>

    <p class='ocr_par' dir='ltr' id='par_1_7' title="bbox 286 1126 885 1306">
     <span class='ocr_line' id='line_1_19' title="bbox 286 1126 885 1164; baseline -0.002 -9"><span class='ocrx_word' id='word_1_80' title='bbox 286 1126 350 1155; x_wconf 93' lang='lat' dir='ltr'>XL.</span> <span class='ocrx_word' id='word_1_81' title='bbox 379 1126 425 1155; x_wconf 90' lang='lat' dir='ltr'>De</span> <span class='ocrx_word' id='word_1_82' title='bbox 453 1136 489 1155; x_wconf 92' lang='lat' dir='ltr'>eo</span> <span class='ocrx_word' id='word_1_83' title='bbox 518 1127 597 1164; x_wconf 88' lang='lat' dir='ltr'>quod</span> <span class='ocrx_word' id='word_1_84' title='bbox 626 1127 680 1155; x_wconf 79' lang='lat' dir='ltr'>dfis</span> <span class='ocrx_word' id='word_1_85' title='bbox 709 1136 828 1156; x_wconf 88' lang='lat' dir='ltr'>caecum</span> <span class='ocrx_word' id='word_1_86' title='bbox 857 1132 885 1155; x_wconf 89' lang='lat' dir='ltr'>et</span> 
     </span>
     <span class='ocr_line' id='line_1_20' title="bbox 327 1174 885 1211; baseline -0.002 -9"><span class='ocrx_word' id='word_1_87' title='bbox 327 1179 439 1202; x_wconf 86' lang='lat' dir='ltr'>mutum</span> <span class='ocrx_word' id='word_1_88' title='bbox 455 1175 565 1202; x_wconf 88' lang='lat' dir='ltr'>curauit</span> <span class='ocrx_word' id='word_1_89' title='bbox 581 1179 608 1202; x_wconf 85' lang='lat' dir='ltr'>et</span> <span class='ocrx_word' id='word_1_90' title='bbox 623 1174 703 1211; x_wconf 89' lang='lat' dir='ltr'>quod</span> <span class='ocrx_word' id='word_1_91' title='bbox 723 1174 790 1202; x_wconf 89' lang='lat' dir='ltr'>dicit</span> <span class='ocrx_word' id='word_1_92' title='bbox 806 1174 885 1211; x_wconf 90' lang='lat' dir='ltr'>quod</span> 
     </span>
     <span class='ocr_line' id='line_1_21' title="bbox 326 1221 885 1250; baseline -0.002 -1"><span class='ocrx_word' id='word_1_93' title='bbox 326 1230 414 1250; x_wconf 83' lang='lat' dir='ltr'>nemo</span> <span class='ocrx_word' id='word_1_94' title='bbox 436 1222 518 1250; x_wconf 86' lang='lat' dir='ltr'>iniret</span> <span class='ocrx_word' id='word_1_95' title='bbox 539 1222 569 1249; x_wconf 86' lang='lat' dir='ltr'>in</span> <span class='ocrx_word' id='word_1_96' title='bbox 589 1221 708 1250; x_wconf 88' lang='lat' dir='ltr'>domum</span> <span class='ocrx_word' id='word_1_97' title='bbox 729 1221 809 1249; x_wconf 85' lang='lat' dir='ltr'>fortis</span> <span class='ocrx_word' id='word_1_98' title='bbox 832 1221 885 1249; x_wconf 84' lang='lat' dir='ltr'>nisi</span> 
     </span>
     <span class='ocr_line' id='line_1_22' title="bbox 327 1268 598 1306; baseline 0 -10"><span class='ocrx_word' id='word_1_99' title='bbox 327 1272 393 1296; x_wconf 84' lang='lat' dir='ltr'>ante</span> <span class='ocrx_word' id='word_1_100' title='bbox 408 1277 475 1296; x_wconf 88' lang='lat' dir='ltr'>eum</span> <span class='ocrx_word' id='word_1_101' title='bbox 495 1268 598 1306; x_wconf 83' lang='lat' dir='ltr'>alliget.</span> 
     </span>
    </p>

    <p class='ocr_par' dir='ltr' id='par_1_8' title="bbox 285 1314 885 1438">
     <span class='ocr_line' id='line_1_23' title="bbox 285 1314 885 1352; baseline 0.002 -10"><span class='ocrx_word' id='word_1_102' title='bbox 285 1314 365 1343; x_wconf 91' lang='lat' dir='ltr'>XLI.</span> <span class='ocrx_word' id='word_1_103' title='bbox 391 1314 437 1343; x_wconf 90' lang='lat' dir='ltr'>De</span> <span class='ocrx_word' id='word_1_104' title='bbox 459 1324 495 1343; x_wconf 90' lang='lat' dir='ltr'>eo</span> <span class='ocrx_word' id='word_1_105' title='bbox 517 1314 596 1352; x_wconf 88' lang='lat' dir='ltr'>quod</span> <span class='ocrx_word' id='word_1_106' title='bbox 618 1315 713 1343; x_wconf 88' lang='lat' dir='ltr'>bonus</span> <span class='ocrx_word' id='word_1_107' title='bbox 735 1315 826 1343; x_wconf 89' lang='lat' dir='ltr'>homo</span> <span class='ocrx_word' id='word_1_108' title='bbox 848 1315 885 1343; x_wconf 89' lang='lat' dir='ltr'>de</span> 
     </span>
     <span class='ocr_line' id='line_1_24' title="bbox 327 1362 885 1400; baseline 0 -10"><span class='ocrx_word' id='word_1_109' title='bbox 327 1362 406 1390; x_wconf 90' lang='lat' dir='ltr'>bono</span> <span class='ocrx_word' id='word_1_110' title='bbox 429 1362 563 1391; x_wconf 86' lang='lat' dir='ltr'>thesauro</span> <span class='ocrx_word' id='word_1_111' title='bbox 588 1362 696 1400; x_wconf 80' lang='lat' dir='ltr'>profert</span> <span class='ocrx_word' id='word_1_112' title='bbox 722 1363 832 1391; x_wconf 90' lang='lat' dir='ltr'>bonum</span> <span class='ocrx_word' id='word_1_113' title='bbox 857 1367 885 1390; x_wconf 90' lang='lat' dir='ltr'>et</span> 
     </span>
     <span class='ocr_line' id='line_1_25' title="bbox 326 1409 594 1438; baseline 0 -1"><span class='ocrx_word' id='word_1_114' title='bbox 326 1409 362 1437; x_wconf 88' lang='lat' dir='ltr'>de</span> <span class='ocrx_word' id='word_1_115' title='bbox 377 1409 468 1437; x_wconf 85' lang='lat' dir='ltr'>uerbo</span> <span class='ocrx_word' id='word_1_116' title='bbox 483 1410 594 1438; x_wconf 87' lang='lat' dir='ltr'>ocioso.</span> 
     </span>
    </p>

    <p class='ocr_par' dir='ltr' id='par_1_9' title="bbox 285 1455 884 1541">
     <span class='ocr_line' id='line_1_26' title="bbox 285 1455 884 1494; baseline 0.002 -11"><span class='ocrx_word' id='word_1_117' title='bbox 285 1455 380 1484; x_wconf 91' lang='lat' dir='ltr'>XLII.</span> <span class='ocrx_word' id='word_1_118' title='bbox 403 1456 448 1484; x_wconf 85' lang='lat' dir='ltr'>De</span> <span class='ocrx_word' id='word_1_119' title='bbox 463 1466 498 1485; x_wconf 83' lang='lat' dir='ltr'>eo</span> <span class='ocrx_word' id='word_1_120' title='bbox 514 1457 593 1494; x_wconf 90' lang='lat' dir='ltr'>quod</span> <span class='ocrx_word' id='word_1_121' title='bbox 614 1457 723 1484; x_wconf 86' lang='lat' dir='ltr'>scribae</span> <span class='ocrx_word' id='word_1_122' title='bbox 742 1462 770 1485; x_wconf 88' lang='lat' dir='ltr'>et</span> <span class='ocrx_word' id='word_1_123' title='bbox 789 1456 884 1494; x_wconf 85' lang='lat' dir='ltr'>phari-</span> 
     </span>
     <span class='ocr_line' id='line_1_27' title="bbox 325 1503 671 1541; baseline 0.003 -10"><span class='ocrx_word' id='word_1_124' title='bbox 325 1504 383 1531; x_wconf 87' lang='lat' dir='ltr'>saei</span> <span class='ocrx_word' id='word_1_125' title='bbox 398 1503 447 1531; x_wconf 84' lang='lat' dir='ltr'>ihu</span> <span class='ocrx_word' id='word_1_126' title='bbox 463 1504 546 1541; x_wconf 84' lang='lat' dir='ltr'>signa</span> <span class='ocrx_word' id='word_1_127' title='bbox 561 1506 671 1541; x_wconf 81' lang='lat' dir='ltr'>petunt.</span> 
     </span>
    </p>
   </div>
   <div class='ocr_carea' id='block_1_3' title="bbox 282 1596 884 2287">
    <p class='ocr_par' dir='ltr' id='par_1_10' title="bbox 285 1596 884 1721">
     <span class='ocr_line' id='line_1_28' title="bbox 285 1596 884 1636; baseline 0.003 -11"><span class='ocrx_word' id='word_1_128' title='bbox 285 1596 395 1626; x_wconf 88' lang='lat' dir='ltr'>XLIII.</span> <span class='ocrx_word' id='word_1_129' title='bbox 418 1598 462 1627; x_wconf 90' lang='lat' dir='ltr'>De</span> <span class='ocrx_word' id='word_1_130' title='bbox 485 1607 520 1627; x_wconf 87' lang='lat' dir='ltr'>eo</span> <span class='ocrx_word' id='word_1_131' title='bbox 543 1598 622 1636; x_wconf 90' lang='lat' dir='ltr'>quod</span> <span class='ocrx_word' id='word_1_132' title='bbox 644 1598 761 1636; x_wconf 88' lang='lat' dir='ltr'>quidam</span> <span class='ocrx_word' id='word_1_133' title='bbox 784 1599 884 1627; x_wconf 89' lang='lat' dir='ltr'>dicunt</span> 
     </span>
     <span class='ocr_line' id='line_1_29' title="bbox 325 1645 883 1674; baseline 0.002 -1"><span class='ocrx_word' id='word_1_134' title='bbox 325 1645 362 1673; x_wconf 87' lang='lat' dir='ltr'>ad</span> <span class='ocrx_word' id='word_1_135' title='bbox 383 1645 442 1673; x_wconf 78' lang='lat' dir='ltr'>ihm</span> <span class='ocrx_word' id='word_1_136' title='bbox 464 1655 531 1674; x_wconf 88' lang='lat' dir='ltr'>ecce</span> <span class='ocrx_word' id='word_1_137' title='bbox 550 1650 642 1673; x_wconf 87' lang='lat' dir='ltr'>mater</span> <span class='ocrx_word' id='word_1_138' title='bbox 664 1650 712 1673; x_wconf 87' lang='lat' dir='ltr'>tua</span> <span class='ocrx_word' id='word_1_139' title='bbox 733 1650 761 1673; x_wconf 87' lang='lat' dir='ltr'>et</span> <span class='ocrx_word' id='word_1_140' title='bbox 783 1645 883 1674; x_wconf 84' lang='lat' dir='ltr'>fratres</span> 
     </span>
     <span class='ocr_line' id='line_1_30' title="bbox 325 1692 546 1721; baseline 0.005 -1"><span class='ocrx_word' id='word_1_141' title='bbox 325 1692 365 1720; x_wconf 87' lang='lat' dir='ltr'>tui</span> <span class='ocrx_word' id='word_1_142' title='bbox 379 1692 448 1720; x_wconf 89' lang='lat' dir='ltr'>foris</span> <span class='ocrx_word' id='word_1_143' title='bbox 463 1697 546 1721; x_wconf 85' lang='lat' dir='ltr'>stant.</span> 
     </span>
    </p>

    <p class='ocr_par' dir='ltr' id='par_1_11' title="bbox 284 1738 882 1958">
     <span class='ocr_line' id='line_1_31' title="bbox 284 1738 882 1777; baseline 0 -10"><span class='ocrx_word' id='word_1_144' title='bbox 284 1738 410 1767; x_wconf 89' lang='lat' dir='ltr'>XLIIII.</span> <span class='ocrx_word' id='word_1_145' title='bbox 432 1739 478 1768; x_wconf 89' lang='lat' dir='ltr'>De</span> <span class='ocrx_word' id='word_1_146' title='bbox 494 1749 529 1768; x_wconf 85' lang='lat' dir='ltr'>eo</span> <span class='ocrx_word' id='word_1_147' title='bbox 544 1739 624 1777; x_wconf 88' lang='lat' dir='ltr'>quod</span> <span class='ocrx_word' id='word_1_148' title='bbox 639 1739 742 1767; x_wconf 85' lang='lat' dir='ltr'>sedens</span> <span class='ocrx_word' id='word_1_149' title='bbox 758 1740 786 1767; x_wconf 91' lang='lat' dir='ltr'>in</span> <span class='ocrx_word' id='word_1_150' title='bbox 801 1740 882 1767; x_wconf 89' lang='lat' dir='ltr'>naui-</span> 
     </span>
     <span class='ocr_line' id='line_1_32' title="bbox 325 1786 882 1824; baseline 0.002 -10"><span class='ocrx_word' id='word_1_151' title='bbox 325 1787 389 1815; x_wconf 86' lang='lat' dir='ltr'>cula</span> <span class='ocrx_word' id='word_1_152' title='bbox 404 1786 573 1823; x_wconf 89' lang='lat' dir='ltr'>parabolam</span> <span class='ocrx_word' id='word_1_153' title='bbox 588 1787 709 1824; x_wconf 86' lang='lat' dir='ltr'>exponit</span> <span class='ocrx_word' id='word_1_154' title='bbox 724 1787 760 1815; x_wconf 90' lang='lat' dir='ltr'>de</span> <span class='ocrx_word' id='word_1_155' title='bbox 772 1787 882 1815; x_wconf 85' lang='lat' dir='ltr'>semine</span> 
     </span>
     <span class='ocr_line' id='line_1_33' title="bbox 324 1835 881 1873; baseline -0.002 -9"><span class='ocrx_word' id='word_1_156' title='bbox 324 1844 411 1872; x_wconf 84' lang='lat' dir='ltr'>supra</span> <span class='ocrx_word' id='word_1_157' title='bbox 434 1840 544 1873; x_wconf 87' lang='lat' dir='ltr'>petram</span> <span class='ocrx_word' id='word_1_158' title='bbox 569 1840 597 1864; x_wconf 87' lang='lat' dir='ltr'>et</span> <span class='ocrx_word' id='word_1_159' title='bbox 620 1836 649 1863; x_wconf 93' lang='lat' dir='ltr'>in</span> <span class='ocrx_word' id='word_1_160' title='bbox 675 1835 773 1873; x_wconf 83' lang='lat' dir='ltr'>spinas</span> <span class='ocrx_word' id='word_1_161' title='bbox 800 1841 827 1864; x_wconf 84' lang='lat' dir='ltr'>et</span> <span class='ocrx_word' id='word_1_162' title='bbox 853 1836 881 1863; x_wconf 93' lang='lat' dir='ltr'>in</span> 
     </span>
     <span class='ocr_line' id='line_1_34' title="bbox 324 1882 881 1911; baseline 0 0"><span class='ocrx_word' id='word_1_163' title='bbox 324 1888 428 1911; x_wconf 85' lang='lat' dir='ltr'>terram</span> <span class='ocrx_word' id='word_1_164' title='bbox 465 1883 573 1911; x_wconf 89' lang='lat' dir='ltr'>bonam</span> <span class='ocrx_word' id='word_1_165' title='bbox 608 1882 715 1911; x_wconf 86' lang='lat' dir='ltr'>cadens</span> <span class='ocrx_word' id='word_1_166' title='bbox 751 1888 778 1911; x_wconf 88' lang='lat' dir='ltr'>et</span> <span class='ocrx_word' id='word_1_167' title='bbox 814 1883 881 1911; x_wconf 89' lang='lat' dir='ltr'>dicit</span> 
     </span>
     <span class='ocr_line' id='line_1_35' title="bbox 324 1930 598 1958; baseline 0 -1"><span class='ocrx_word' id='word_1_168' title='bbox 324 1930 410 1957; x_wconf 89' lang='lat' dir='ltr'>uestri</span> <span class='ocrx_word' id='word_1_169' title='bbox 425 1930 500 1958; x_wconf 88' lang='lat' dir='ltr'>oculi</span> <span class='ocrx_word' id='word_1_170' title='bbox 515 1930 598 1958; x_wconf 89' lang='lat' dir='ltr'>beati.</span> 
     </span>
    </p>

    <p class='ocr_par' dir='ltr' id='par_1_12' title="bbox 283 1975 881 2155">
     <span class='ocr_line' id='line_1_36' title="bbox 283 1975 880 2014; baseline 0.003 -11"><span class='ocrx_word' id='word_1_171' title='bbox 283 1975 376 2004; x_wconf 91' lang='lat' dir='ltr'>XLV.</span> <span class='ocrx_word' id='word_1_172' title='bbox 401 1976 447 2005; x_wconf 85' lang='lat' dir='ltr'>De</span> <span class='ocrx_word' id='word_1_173' title='bbox 472 1986 508 2006; x_wconf 85' lang='lat' dir='ltr'>eo</span> <span class='ocrx_word' id='word_1_174' title='bbox 532 1976 611 2014; x_wconf 87' lang='lat' dir='ltr'>quod</span> <span class='ocrx_word' id='word_1_175' title='bbox 633 1977 769 2014; x_wconf 91' lang='lat' dir='ltr'>proponit</span> <span class='ocrx_word' id='word_1_176' title='bbox 797 1986 880 2014; x_wconf 87' lang='lat' dir='ltr'>para-</span> 
     </span>
     <span class='ocr_line' id='line_1_37' title="bbox 323 2023 881 2061; baseline 0.002 -10"><span class='ocrx_word' id='word_1_177' title='bbox 323 2023 422 2052; x_wconf 87' lang='lat' dir='ltr'>bolam</span> <span class='ocrx_word' id='word_1_178' title='bbox 444 2024 479 2052; x_wconf 87' lang='lat' dir='ltr'>de</span> <span class='ocrx_word' id='word_1_179' title='bbox 508 2024 626 2052; x_wconf 87' lang='lat' dir='ltr'>homine</span> <span class='ocrx_word' id='word_1_180' title='bbox 652 2024 701 2061; x_wconf 90' lang='lat' dir='ltr'>qui</span> <span class='ocrx_word' id='word_1_181' title='bbox 730 2024 881 2052; x_wconf 85' lang='lat' dir='ltr'>seminauit</span> 
     </span>
     <span class='ocr_line' id='line_1_38' title="bbox 324 2071 881 2108; baseline 0 -10"><span class='ocrx_word' id='word_1_182' title='bbox 324 2071 435 2098; x_wconf 91' lang='lat' dir='ltr'>bonum</span> <span class='ocrx_word' id='word_1_183' title='bbox 461 2080 561 2099; x_wconf 87' lang='lat' dir='ltr'>semen</span> <span class='ocrx_word' id='word_1_184' title='bbox 586 2071 615 2098; x_wconf 90' lang='lat' dir='ltr'>in</span> <span class='ocrx_word' id='word_1_185' title='bbox 641 2080 711 2108; x_wconf 87' lang='lat' dir='ltr'>agro</span> <span class='ocrx_word' id='word_1_186' title='bbox 735 2076 762 2099; x_wconf 83' lang='lat' dir='ltr'>et</span> <span class='ocrx_word' id='word_1_187' title='bbox 787 2071 881 2099; x_wconf 91' lang='lat' dir='ltr'>inimi-</span> 
     </span>
     <span class='ocr_line' id='line_1_39' title="bbox 323 2118 762 2155; baseline -0.002 -9"><span class='ocrx_word' id='word_1_188' title='bbox 323 2127 373 2146; x_wconf 86' lang='lat' dir='ltr'>cus</span> <span class='ocrx_word' id='word_1_189' title='bbox 388 2118 628 2155; x_wconf 82' lang='lat' dir='ltr'>superseminauit</span> <span class='ocrx_word' id='word_1_190' title='bbox 643 2118 762 2146; x_wconf 78' lang='lat' dir='ltr'>zizania.</span> 
     </span>
    </p>

    <p class='ocr_par' dir='ltr' id='par_1_13' title="bbox 282 2163 881 2287">
     <span class='ocr_line' id='line_1_40' title="bbox 282 2163 879 2202; baseline 0.003 -11"><span class='ocrx_word' id='word_1_191' title='bbox 282 2163 391 2193; x_wconf 92' lang='lat' dir='ltr'>XLVI.</span> <span class='ocrx_word' id='word_1_192' title='bbox 414 2164 459 2193; x_wconf 87' lang='lat' dir='ltr'>De</span> <span class='ocrx_word' id='word_1_193' title='bbox 479 2174 570 2202; x_wconf 85' lang='lat' dir='ltr'>grano</span> <span class='ocrx_word' id='word_1_194' title='bbox 592 2165 698 2202; x_wconf 84' lang='lat' dir='ltr'>sinapis</span> <span class='ocrx_word' id='word_1_195' title='bbox 718 2170 745 2192; x_wconf 91' lang='lat' dir='ltr'>et</span> <span class='ocrx_word' id='word_1_196' title='bbox 768 2164 803 2193; x_wconf 86' lang='lat' dir='ltr'>de</span> <span class='ocrx_word' id='word_1_197' title='bbox 825 2165 879 2193; x_wconf 85' lang='lat' dir='ltr'>fer-</span> 
     </span>
     <span class='ocr_line' id='line_1_41' title="bbox 323 2211 881 2249; baseline -0.002 -9"><span class='ocrx_word' id='word_1_198' title='bbox 323 2216 421 2240; x_wconf 83' lang='lat' dir='ltr'>mento</span> <span class='ocrx_word' id='word_1_199' title='bbox 441 2217 469 2240; x_wconf 91' lang='lat' dir='ltr'>et</span> <span class='ocrx_word' id='word_1_200' title='bbox 487 2212 523 2240; x_wconf 88' lang='lat' dir='ltr'>de</span> <span class='ocrx_word' id='word_1_201' title='bbox 545 2221 580 2240; x_wconf 91' lang='lat' dir='ltr'>eo</span> <span class='ocrx_word' id='word_1_202' title='bbox 603 2211 681 2249; x_wconf 91' lang='lat' dir='ltr'>quod</span> <span class='ocrx_word' id='word_1_203' title='bbox 703 2212 768 2240; x_wconf 86' lang='lat' dir='ltr'>iusti</span> <span class='ocrx_word' id='word_1_204' title='bbox 788 2211 881 2248; x_wconf 83' lang='lat' dir='ltr'>fulge-</span> 
     </span>
     <span class='ocr_line' id='line_1_42' title="bbox 322 2259 403 2287; baseline 0 -1"><span class='ocrx_word' id='word_1_205' title='bbox 322 2259 403 2287; x_wconf 49' lang='lat' dir='ltr'>buna</span> 
     </span>
    </p>
   </div>
   <div class='ocr_carea' id='block_1_4' title="bbox 282 2304 879 2435">
    <p class='ocr_par' dir='ltr' id='par_1_14' title="bbox 282 2304 879 2435">
     <span class='ocr_line' id='line_1_43' title="bbox 282 2304 879 2334; baseline 0 -1"><span class='ocrx_word' id='word_1_206' title='bbox 282 2304 405 2334; x_wconf 87' lang='lat' dir='ltr'>XLVII.</span> <span class='ocrx_word' id='word_1_207' title='bbox 430 2305 475 2333; x_wconf 84' lang='lat' dir='ltr'>De</span> <span class='ocrx_word' id='word_1_208' title='bbox 498 2305 632 2334; x_wconf 87' lang='lat' dir='ltr'>thesauro</span> <span class='ocrx_word' id='word_1_209' title='bbox 655 2305 825 2334; x_wconf 86' lang='lat' dir='ltr'>abscondito</span> <span class='ocrx_word' id='word_1_210' title='bbox 851 2306 879 2333; x_wconf 90' lang='lat' dir='ltr'>in</span> 
     </span>
     <span class='ocr_line' id='line_1_44' title="bbox 323 2352 879 2390; baseline 0.002 -11"><span class='ocrx_word' id='word_1_211' title='bbox 323 2361 392 2389; x_wconf 87' lang='lat' dir='ltr'>agro</span> <span class='ocrx_word' id='word_1_212' title='bbox 407 2356 435 2380; x_wconf 87' lang='lat' dir='ltr'>et</span> <span class='ocrx_word' id='word_1_213' title='bbox 456 2352 490 2380; x_wconf 88' lang='lat' dir='ltr'>de</span> <span class='ocrx_word' id='word_1_214' title='bbox 511 2353 589 2381; x_wconf 87' lang='lat' dir='ltr'>bona</span> <span class='ocrx_word' id='word_1_215' title='bbox 609 2352 762 2390; x_wconf 85' lang='lat' dir='ltr'>margarita</span> <span class='ocrx_word' id='word_1_216' title='bbox 778 2374 784 2380; x_wconf 90' lang='lat'>.</span> <span class='ocrx_word' id='word_1_217' title='bbox 800 2357 827 2380; x_wconf 88' lang='lat' dir='ltr'>et</span> <span class='ocrx_word' id='word_1_218' title='bbox 843 2352 879 2380; x_wconf 88' lang='lat' dir='ltr'>de</span> 
     </span>
     <span class='ocr_line' id='line_1_45' title="bbox 323 2407 438 2435; baseline 0.009 -9"><span class='ocrx_word' id='word_1_219' title='bbox 323 2407 438 2435; x_wconf 83' lang='lat' dir='ltr'>sagena.</span> 
     </span>
    </p>
   </div>
   <div class='ocr_carea' id='block_1_5' title="bbox 1089 328 1217 352">
    <p class='ocr_par' dir='ltr' id='par_1_15' title="bbox 1089 328 1217 352">
     <span class='ocr_line' id='line_1_46' title="bbox 1089 328 1217 352; baseline 0 0"><span class='ocrx_word' id='word_1_220' title='bbox 1089 328 1217 352; x_wconf 74' lang='lat' dir='ltr'>Hilarius.</span> 
     </span>
    </p>
   </div>
   <div class='ocr_carea' id='block_1_6' title="bbox 940 796 1364 835">
    <p class='ocr_par' dir='ltr' id='par_1_16' title="bbox 940 796 1364 835">
     <span class='ocr_line' id='line_1_47' title="bbox 940 796 1364 835; baseline 0.005 -11"><span class='ocrx_word' id='word_1_221' title='bbox 940 796 1008 825; x_wconf 89' lang='lat' dir='ltr'>XII.</span> <span class='ocrx_word' id='word_1_222' title='bbox 1032 796 1172 835; x_wconf 81' lang='lat' dir='ltr'>Discipuli</span> <span class='ocrx_word' id='word_1_223' title='bbox 1193 798 1289 835; x_wconf 87' lang='lat' dir='ltr'>spicas</span> <span class='ocrx_word' id='word_1_224' title='bbox 1305 799 1364 826; x_wconf 89' lang='lat' dir='ltr'>uel-</span> 
     </span>
    </p>
   </div>
   <div class='ocr_carea' id='block_1_7' title="bbox 979 843 1364 1436">
    <p class='ocr_par' dir='ltr' id='par_1_17' title="bbox 979 843 1364 1436">
     <span class='ocr_line' id='line_1_48' title="bbox 980 843 1364 874; baseline 0.008 -3"><span class='ocrx_word' id='word_1_225' title='bbox 980 843 1050 872; x_wconf 91' lang='lat' dir='ltr'>lunt.</span> <span class='ocrx_word' id='word_1_226' title='bbox 1109 844 1217 873; x_wconf 88' lang='lat' dir='ltr'>Manus</span> <span class='ocrx_word' id='word_1_227' title='bbox 1268 846 1364 874; x_wconf 87' lang='lat' dir='ltr'>aridae</span> 
     </span>
     <span class='ocr_line' id='line_1_49' title="bbox 981 889 1364 921; baseline 0.013 -4"><span class='ocrx_word' id='word_1_228' title='bbox 981 889 1129 919; x_wconf 89' lang='lat' dir='ltr'>hominem</span> <span class='ocrx_word' id='word_1_229' title='bbox 1161 892 1283 921; x_wconf 85' lang='lat' dir='ltr'>sabbato</span> <span class='ocrx_word' id='word_1_230' title='bbox 1313 902 1364 921; x_wconf 91' lang='lat' dir='ltr'>cu-</span> 
     </span>
     <span class='ocr_line' id='line_1_50' title="bbox 981 938 1363 968; baseline 0.008 -3"><span class='ocrx_word' id='word_1_231' title='bbox 981 938 1060 966; x_wconf 86' lang='lat' dir='ltr'>rauit.</span> <span class='ocrx_word' id='word_1_232' title='bbox 1105 939 1233 967; x_wconf 85' lang='lat' dir='ltr'>Caecum</span> <span class='ocrx_word' id='word_1_233' title='bbox 1252 944 1279 968; x_wconf 86' lang='lat' dir='ltr'>et</span> <span class='ocrx_word' id='word_1_234' title='bbox 1297 940 1363 968; x_wconf 86' lang='lat' dir='ltr'>dae-</span> 
     </span>
     <span class='ocr_line' id='line_1_51' title="bbox 980 985 1363 1015; baseline 0.008 -3"><span class='ocrx_word' id='word_1_235' title='bbox 980 985 1145 1014; x_wconf 85' lang='lat' dir='ltr'>moniacum</span> <span class='ocrx_word' id='word_1_236' title='bbox 1162 987 1279 1014; x_wconf 87' lang='lat' dir='ltr'>curauit.</span> <span class='ocrx_word' id='word_1_237' title='bbox 1319 987 1363 1015; x_wconf 86' lang='lat' dir='ltr'>De</span> 
     </span>
     <span class='ocr_line' id='line_1_52' title="bbox 980 1032 1363 1070; baseline 0.005 -10"><span class='ocrx_word' id='word_1_238' title='bbox 980 1032 1159 1069; x_wconf 87' lang='lat' dir='ltr'>blasphemia</span> <span class='ocrx_word' id='word_1_239' title='bbox 1171 1034 1294 1070; x_wconf 82' lang='lat' dir='ltr'>spiritus.</span> <span class='ocrx_word' id='word_1_240' title='bbox 1318 1034 1363 1062; x_wconf 87' lang='lat' dir='ltr'>De</span> 
     </span>
     <span class='ocr_line' id='line_1_53' title="bbox 979 1079 1362 1110; baseline 0.005 -3"><span class='ocrx_word' id='word_1_241' title='bbox 979 1079 1072 1108; x_wconf 90' lang='lat' dir='ltr'>fructu</span> <span class='ocrx_word' id='word_1_242' title='bbox 1113 1081 1224 1109; x_wconf 89' lang='lat' dir='ltr'>arboris</span> <span class='ocrx_word' id='word_1_243' title='bbox 1264 1082 1362 1110; x_wconf 85' lang='lat' dir='ltr'>bonae</span> 
     </span>
     <span class='ocr_line' id='line_1_54' title="bbox 980 1127 1363 1156; baseline 0.005 -2"><span class='ocrx_word' id='word_1_244' title='bbox 980 1131 1007 1154; x_wconf 83' lang='lat' dir='ltr'>et</span> <span class='ocrx_word' id='word_1_245' title='bbox 1043 1127 1144 1155; x_wconf 87' lang='lat' dir='ltr'>malae.</span> <span class='ocrx_word' id='word_1_246' title='bbox 1201 1127 1246 1156; x_wconf 88' lang='lat' dir='ltr'>De</span> <span class='ocrx_word' id='word_1_247' title='bbox 1282 1129 1363 1156; x_wconf 91' lang='lat' dir='ltr'>omni</span> 
     </span>
     <span class='ocr_line' id='line_1_55' title="bbox 979 1174 1363 1212; baseline 0.008 -12"><span class='ocrx_word' id='word_1_248' title='bbox 979 1174 1069 1201; x_wconf 86' lang='lat' dir='ltr'>uerbo</span> <span class='ocrx_word' id='word_1_249' title='bbox 1082 1174 1189 1203; x_wconf 85' lang='lat' dir='ltr'>ocioso.</span> <span class='ocrx_word' id='word_1_250' title='bbox 1222 1175 1268 1203; x_wconf 86' lang='lat' dir='ltr'>De</span> <span class='ocrx_word' id='word_1_251' title='bbox 1280 1175 1363 1212; x_wconf 82' lang='lat' dir='ltr'>signo</span> 
     </span>
     <span class='ocr_line' id='line_1_56' title="bbox 980 1220 1363 1250; baseline 0.008 -3"><span class='ocrx_word' id='word_1_252' title='bbox 980 1220 1076 1249; x_wconf 86' lang='lat' dir='ltr'>Ionae.</span> <span class='ocrx_word' id='word_1_253' title='bbox 1122 1220 1167 1249; x_wconf 87' lang='lat' dir='ltr'>De</span> <span class='ocrx_word' id='word_1_254' title='bbox 1183 1220 1320 1249; x_wconf 88' lang='lat' dir='ltr'>Niniuitis</span> <span class='ocrx_word' id='word_1_255' title='bbox 1335 1227 1363 1250; x_wconf 88' lang='lat' dir='ltr'>et</span> 
     </span>
     <span class='ocr_line' id='line_1_57' title="bbox 979 1268 1362 1306; baseline 0.005 -11"><span class='ocrx_word' id='word_1_256' title='bbox 979 1268 1079 1303; x_wconf 83' lang='lat' dir='ltr'>regina</span> <span class='ocrx_word' id='word_1_257' title='bbox 1089 1268 1195 1296; x_wconf 81' lang='lat' dir='ltr'>Austri.</span> <span class='ocrx_word' id='word_1_258' title='bbox 1237 1268 1282 1297; x_wconf 90' lang='lat' dir='ltr'>De</span> <span class='ocrx_word' id='word_1_259' title='bbox 1299 1278 1362 1306; x_wconf 90' lang='lat' dir='ltr'>sep-</span> 
     </span>
     <span class='ocr_line' id='line_1_58' title="bbox 979 1315 1361 1352; baseline 0.008 -10"><span class='ocrx_word' id='word_1_260' title='bbox 979 1320 1036 1342; x_wconf 87' lang='lat' dir='ltr'>tem</span> <span class='ocrx_word' id='word_1_261' title='bbox 1049 1315 1193 1352; x_wconf 86' lang='lat' dir='ltr'>spiritibus</span> <span class='ocrx_word' id='word_1_262' title='bbox 1208 1320 1235 1343; x_wconf 87' lang='lat' dir='ltr'>et</span> <span class='ocrx_word' id='word_1_263' title='bbox 1248 1321 1361 1345; x_wconf 88' lang='lat' dir='ltr'>octauo.</span> 
     </span>
     <span class='ocr_line' id='line_1_59' title="bbox 980 1361 1362 1391; baseline 0.005 -2"><span class='ocrx_word' id='word_1_264' title='bbox 980 1361 1024 1389; x_wconf 88' lang='lat' dir='ltr'>De</span> <span class='ocrx_word' id='word_1_265' title='bbox 1041 1367 1131 1390; x_wconf 88' lang='lat' dir='ltr'>matre</span> <span class='ocrx_word' id='word_1_266' title='bbox 1144 1362 1210 1391; x_wconf 86' lang='lat' dir='ltr'>Iesu</span> <span class='ocrx_word' id='word_1_267' title='bbox 1226 1367 1254 1391; x_wconf 86' lang='lat' dir='ltr'>et</span> <span class='ocrx_word' id='word_1_268' title='bbox 1270 1363 1362 1391; x_wconf 87' lang='lat' dir='ltr'>fratri-</span> 
     </span>
     <span class='ocr_line' id='line_1_60' title="bbox 980 1409 1041 1436; baseline -0.016 0"><span class='ocrx_word' id='word_1_269' title='bbox 980 1409 1041 1436; x_wconf 92' lang='lat' dir='ltr'>bus.</span> 
     </span>
    </p>
   </div>
   <div class='ocr_carea' id='block_1_8' title="bbox 935 1744 1361 1774">
    <p class='ocr_par' dir='ltr' id='par_1_18' title="bbox 935 1744 1361 1774">
     <span class='ocr_line' id='line_1_61' title="bbox 935 1744 1361 1774; baseline 0.005 -2"><span class='ocrx_word' id='word_1_270' title='bbox 935 1744 1018 1773; x_wconf 93' lang='lat' dir='ltr'>XIII.</span> <span class='ocrx_word' id='word_1_271' title='bbox 1043 1745 1153 1774; x_wconf 85' lang='lat' dir='ltr'>Sedens</span> <span class='ocrx_word' id='word_1_272' title='bbox 1175 1746 1203 1773; x_wconf 92' lang='lat' dir='ltr'>in</span> <span class='ocrx_word' id='word_1_273' title='bbox 1227 1746 1361 1774; x_wconf 85' lang='lat' dir='ltr'>nauicula</span> 
     </span>
    </p>
   </div>
   <div class='ocr_carea' id='block_1_9' title="bbox 973 1792 1359 2245">
    <p class='ocr_par' dir='ltr' id='par_1_19' title="bbox 973 1792 1359 2245">
     <span class='ocr_line' id='line_1_62' title="bbox 975 1792 1359 1830; baseline 0.003 -10"><span class='ocrx_word' id='word_1_274' title='bbox 975 1792 1055 1821; x_wconf 90' lang='lat' dir='ltr'>Iesus</span> <span class='ocrx_word' id='word_1_275' title='bbox 1085 1793 1173 1821; x_wconf 87' lang='lat' dir='ltr'>turbis</span> <span class='ocrx_word' id='word_1_276' title='bbox 1206 1793 1359 1830; x_wconf 83' lang='lat' dir='ltr'>parabolas</span> 
     </span>
     <span class='ocr_line' id='line_1_63' title="bbox 974 1839 1358 1877; baseline 0 -9"><span class='ocrx_word' id='word_1_277' title='bbox 974 1839 1107 1877; x_wconf 88' lang='lat' dir='ltr'>loquitur.</span> <span class='ocrx_word' id='word_1_278' title='bbox 1141 1840 1186 1868; x_wconf 92' lang='lat' dir='ltr'>De</span> <span class='ocrx_word' id='word_1_279' title='bbox 1198 1840 1358 1868; x_wconf 83' lang='lat' dir='ltr'>seminante</span> 
     </span>
     <span class='ocr_line' id='line_1_64' title="bbox 974 1887 1358 1916; baseline 0 -1"><span class='ocrx_word' id='word_1_280' title='bbox 974 1888 1086 1915; x_wconf 91' lang='lat' dir='ltr'>bonum</span> <span class='ocrx_word' id='word_1_281' title='bbox 1107 1897 1215 1916; x_wconf 88' lang='lat' dir='ltr'>semen.</span> <span class='ocrx_word' id='word_1_282' title='bbox 1258 1887 1303 1916; x_wconf 88' lang='lat' dir='ltr'>De</span> <span class='ocrx_word' id='word_1_283' title='bbox 1320 1888 1358 1915; x_wconf 87' lang='lat' dir='ltr'>zi-</span> 
     </span>
     <span class='ocr_line' id='line_1_65' title="bbox 974 1934 1358 1964; baseline 0.005 -2"><span class='ocrx_word' id='word_1_284' title='bbox 974 1935 1055 1963; x_wconf 86' lang='lat' dir='ltr'>zania</span> <span class='ocrx_word' id='word_1_285' title='bbox 1094 1940 1122 1963; x_wconf 86' lang='lat' dir='ltr'>et</span> <span class='ocrx_word' id='word_1_286' title='bbox 1157 1935 1258 1964; x_wconf 89' lang='lat' dir='ltr'>tritico.</span> <span class='ocrx_word' id='word_1_287' title='bbox 1312 1934 1358 1964; x_wconf 87' lang='lat' dir='ltr'>De</span> 
     </span>
     <span class='ocr_line' id='line_1_66' title="bbox 974 1981 1355 2019; baseline -0.003 -9"><span class='ocrx_word' id='word_1_288' title='bbox 974 1991 1066 2019; x_wconf 86' lang='lat' dir='ltr'>grano</span> <span class='ocrx_word' id='word_1_289' title='bbox 1082 1982 1197 2019; x_wconf 87' lang='lat' dir='ltr'>sinapis.</span> <span class='ocrx_word' id='word_1_290' title='bbox 1241 1982 1285 2010; x_wconf 88' lang='lat' dir='ltr'>De</span> <span class='ocrx_word' id='word_1_291' title='bbox 1301 1981 1355 2010; x_wconf 87' lang='lat' dir='ltr'>fer-</span> 
     </span>
     <span class='ocr_line' id='line_1_67' title="bbox 973 2029 1357 2057; baseline -0.003 0"><span class='ocrx_word' id='word_1_292' title='bbox 973 2034 1074 2057; x_wconf 88' lang='lat' dir='ltr'>mento</span> <span class='ocrx_word' id='word_1_293' title='bbox 1090 2030 1234 2057; x_wconf 85' lang='lat' dir='ltr'>absconso</span> <span class='ocrx_word' id='word_1_294' title='bbox 1250 2029 1278 2056; x_wconf 86' lang='lat' dir='ltr'>in</span> <span class='ocrx_word' id='word_1_295' title='bbox 1292 2029 1357 2056; x_wconf 87' lang='lat' dir='ltr'>fari-</span> 
     </span>
     <span class='ocr_line' id='line_1_68' title="bbox 974 2075 1354 2113; baseline 0 -10"><span class='ocrx_word' id='word_1_296' title='bbox 974 2085 1019 2103; x_wconf 88' lang='lat' dir='ltr'>na.</span> <span class='ocrx_word' id='word_1_297' title='bbox 1052 2075 1204 2113; x_wconf 84' lang='lat' dir='ltr'>Expositio</span> <span class='ocrx_word' id='word_1_298' title='bbox 1219 2076 1354 2104; x_wconf 84' lang='lat' dir='ltr'>zizaniae.</span> 
     </span>
     <span class='ocr_line' id='line_1_69' title="bbox 974 2122 1356 2159; baseline -0.003 -8"><span class='ocrx_word' id='word_1_299' title='bbox 974 2122 1018 2151; x_wconf 94' lang='lat' dir='ltr'>De</span> <span class='ocrx_word' id='word_1_300' title='bbox 1048 2123 1184 2151; x_wconf 86' lang='lat' dir='ltr'>thesauro</span> <span class='ocrx_word' id='word_1_301' title='bbox 1217 2123 1246 2150; x_wconf 90' lang='lat' dir='ltr'>in</span> <span class='ocrx_word' id='word_1_302' title='bbox 1276 2132 1356 2159; x_wconf 83' lang='lat' dir='ltr'>agro.</span> 
     </span>
     <span class='ocr_line' id='line_1_70' title="bbox 974 2169 1355 2207; baseline 0 -10"><span class='ocrx_word' id='word_1_303' title='bbox 974 2169 1019 2197; x_wconf 83' lang='lat' dir='ltr'>De</span> <span class='ocrx_word' id='word_1_304' title='bbox 1031 2171 1109 2198; x_wconf 89' lang='lat' dir='ltr'>bona</span> <span class='ocrx_word' id='word_1_305' title='bbox 1121 2170 1283 2207; x_wconf 81' lang='lat' dir='ltr'>margarita.</span> <span class='ocrx_word' id='word_1_306' title='bbox 1310 2169 1355 2197; x_wconf 89' lang='lat' dir='ltr'>De</span> 
     </span>
     <span class='ocr_line' id='line_1_71' title="bbox 973 2217 1282 2245; baseline 0 -1"><span class='ocrx_word' id='word_1_307' title='bbox 973 2221 1030 2245; x_wconf 85' lang='lat' dir='ltr'>rete</span> <span class='ocrx_word' id='word_1_308' title='bbox 1046 2217 1136 2245; x_wconf 84' lang='lat' dir='ltr'>misso</span> <span class='ocrx_word' id='word_1_309' title='bbox 1150 2217 1180 2244; x_wconf 90' lang='lat' dir='ltr'>in</span> <span class='ocrx_word' id='word_1_310' title='bbox 1195 2225 1282 2244; x_wconf 86' lang='lat' dir='ltr'>mare.</span> 
     </span>
    </p>
   </div>
   <div class='ocr_carea' id='block_1_10' title="bbox 933 2310 1356 2347">
    <p class='ocr_par' dir='ltr' id='par_1_20' title="bbox 933 2310 1356 2347">
     <span class='ocr_line' id='line_1_72' title="bbox 933 2310 1356 2347; baseline 0 -9"><span class='ocrx_word' id='word_1_311' title='bbox 933 2310 1032 2338; x_wconf 89' lang='lat' dir='ltr'>XIIII.</span> <span class='ocrx_word' id='word_1_312' title='bbox 1052 2310 1097 2339; x_wconf 90' lang='lat' dir='ltr'>De</span> <span class='ocrx_word' id='word_1_313' title='bbox 1112 2310 1206 2339; x_wconf 88' lang='lat' dir='ltr'>scriba</span> <span class='ocrx_word' id='word_1_314' title='bbox 1221 2310 1250 2338; x_wconf 92' lang='lat' dir='ltr'>in</span> <span class='ocrx_word' id='word_1_315' title='bbox 1266 2319 1356 2347; x_wconf 84' lang='lat' dir='ltr'>regno</span> 
     </span>
    </p>
   </div>
   <div class='ocr_carea' id='block_1_11' title="bbox 972 2357 1355 2434">
    <p class='ocr_par' dir='ltr' id='par_1_21' title="bbox 972 2357 1355 2434">
     <span class='ocr_line' id='line_1_73' title="bbox 972 2357 1355 2386; baseline 0 0"><span class='ocrx_word' id='word_1_316' title='bbox 972 2357 1127 2386; x_wconf 83' lang='lat' dir='ltr'>coelorum.</span> <span class='ocrx_word' id='word_1_317' title='bbox 1163 2357 1208 2386; x_wconf 88' lang='lat' dir='ltr'>De</span> <span class='ocrx_word' id='word_1_318' title='bbox 1224 2357 1355 2386; x_wconf 85' lang='lat' dir='ltr'>fratribus</span> 
     </span>
     <span class='ocr_line' id='line_1_74' title="bbox 972 2404 1353 2434; baseline 0 -1"><span class='ocrx_word' id='word_1_319' title='bbox 972 2409 999 2433; x_wconf 89' lang='lat' dir='ltr'>et</span> <span class='ocrx_word' id='word_1_320' title='bbox 1011 2404 1156 2434; x_wconf 86' lang='lat' dir='ltr'>sororibus</span> <span class='ocrx_word' id='word_1_321' title='bbox 1167 2405 1286 2433; x_wconf 86' lang='lat' dir='ltr'>domini.</span> <span class='ocrx_word' id='word_1_322' title='bbox 1308 2405 1353 2433; x_wconf 90' lang='lat' dir='ltr'>De</span> 
     </span>
    </p>
   </div>
   <div class='ocr_carea' id='block_1_12' title="bbox 316 2478 1025 2488">
    <p class='ocr_par' dir='ltr' id='par_1_22' title="bbox 316 2478 1025 2488">
     <span class='ocr_line' id='line_1_75' title="bbox 316 2478 1025 2488; baseline 0 0"><span class='ocrx_word' id='word_1_323' title='bbox 316 2478 1025 2488; x_wconf 95' lang='lat' dir='ltr'> </span> 
     </span>
    </p>
   </div>
   <div class='ocr_carea' id='block_1_13' title="bbox 1778 236 1837 277">
    <p class='ocr_par' dir='ltr' id='par_1_23' title="bbox 1778 236 1837 277">
     <span class='ocr_line' id='line_1_76' title="bbox 1778 236 1837 277; baseline 0 -11"><span class='ocrx_word' id='word_1_324' title='bbox 1778 236 1837 277; x_wconf 80' lang='lat'>683</span> 
     </span>
    </p>
   </div>
   <div class='ocr_carea' id='block_1_14' title="bbox 1504 328 1758 352">
    <p class='ocr_par' dir='ltr' id='par_1_24' title="bbox 1504 328 1758 352">
     <span class='ocr_line' id='line_1_77' title="bbox 1504 328 1758 352; baseline 0 -1"><span class='ocrx_word' id='word_1_325' title='bbox 1504 328 1624 351; x_wconf 79' lang='lat' dir='ltr'>Rabanus</span> <span class='ocrx_word' id='word_1_326' title='bbox 1640 329 1758 352; x_wconf 69' lang='lat' dir='ltr'>Alaurus.</span> 
     </span>
    </p>
   </div>
   <div class='ocr_carea' id='block_1_15' title="bbox 1418 803 1841 841">
    <p class='ocr_par' dir='ltr' id='par_1_25' title="bbox 1418 803 1841 841">
     <span class='ocr_line' id='line_1_78' title="bbox 1418 803 1841 841; baseline 0.002 -10"><span class='ocrx_word' id='word_1_327' title='bbox 1418 803 1486 832; x_wconf 89' lang='lat' dir='ltr'>XII.</span> <span class='ocrx_word' id='word_1_328' title='bbox 1509 803 1652 841; x_wconf 84' lang='lat' dir='ltr'>Discipuli</span> <span class='ocrx_word' id='word_1_329' title='bbox 1671 804 1764 841; x_wconf 85' lang='lat' dir='ltr'>spicas</span> <span class='ocrx_word' id='word_1_330' title='bbox 1782 805 1841 832; x_wconf 87' lang='lat' dir='ltr'>uel-</span> 
     </span>
    </p>
   </div>
   <div class='ocr_carea' id='block_1_16' title="bbox 1457 851 1841 1075">
    <p class='ocr_par' dir='ltr' id='par_1_26' title="bbox 1457 851 1841 1075">
     <span class='ocr_line' id='line_1_79' title="bbox 1457 851 1841 879; baseline 0 0"><span class='ocrx_word' id='word_1_331' title='bbox 1457 852 1526 879; x_wconf 88' lang='lat' dir='ltr'>lunt.</span> <span class='ocrx_word' id='word_1_332' title='bbox 1544 851 1841 879; x_wconf 83' lang='lat' dir='ltr'>Iesussanatmanum</span> 
     </span>
     <span class='ocr_line' id='line_1_80' title="bbox 1459 898 1841 933; baseline 0.003 -7"><span class='ocrx_word' id='word_1_333' title='bbox 1459 898 1578 933; x_wconf 84' lang='lat' dir='ltr'>aridam,</span> <span class='ocrx_word' id='word_1_334' title='bbox 1609 902 1637 927; x_wconf 88' lang='lat' dir='ltr'>et</span> <span class='ocrx_word' id='word_1_335' title='bbox 1673 898 1841 927; x_wconf 87' lang='lat' dir='ltr'>daemonia-</span> 
     </span>
     <span class='ocr_line' id='line_1_81' title="bbox 1457 950 1841 974; baseline 0.005 -2"><span class='ocrx_word' id='word_1_336' title='bbox 1457 954 1524 973; x_wconf 88' lang='lat' dir='ltr'>cum</span> <span class='ocrx_word' id='word_1_337' title='bbox 1537 954 1657 973; x_wconf 87' lang='lat' dir='ltr'>caecum</span> <span class='ocrx_word' id='word_1_338' title='bbox 1672 950 1699 973; x_wconf 86' lang='lat' dir='ltr'>et</span> <span class='ocrx_word' id='word_1_339' title='bbox 1714 951 1841 974; x_wconf 88' lang='lat' dir='ltr'>mutum:</span> 
     </span>
     <span class='ocr_line' id='line_1_82' title="bbox 1458 991 1841 1030; baseline 0.003 -11"><span class='ocrx_word' id='word_1_340' title='bbox 1458 991 1618 1020; x_wconf 82' lang='lat' dir='ltr'>Pharisaeis</span> <span class='ocrx_word' id='word_1_341' title='bbox 1629 992 1743 1030; x_wconf 85' lang='lat' dir='ltr'>signum</span> <span class='ocrx_word' id='word_1_342' title='bbox 1750 992 1841 1020; x_wconf 90' lang='lat' dir='ltr'>Ionae</span> 
     </span>
     <span class='ocr_line' id='line_1_83' title="bbox 1457 1038 1577 1075; baseline -0.008 -8"><span class='ocrx_word' id='word_1_343' title='bbox 1457 1038 1513 1075; x_wconf 81' lang='lat' dir='ltr'>dat,</span> <span class='ocrx_word' id='word_1_344' title='bbox 1530 1042 1577 1069; x_wconf 76' lang='lat' dir='ltr'>etc.</span> 
     </span>
    </p>
   </div>
   <div class='ocr_carea' id='block_1_17' title="bbox 1413 1744 1838 1774">
    <p class='ocr_par' dir='ltr' id='par_1_27' title="bbox 1413 1744 1838 1774">
     <span class='ocr_line' id='line_1_84' title="bbox 1413 1744 1838 1774; baseline 0.005 -2"><span class='ocrx_word' id='word_1_345' title='bbox 1413 1744 1497 1773; x_wconf 93' lang='lat' dir='ltr'>XIII.</span> <span class='ocrx_word' id='word_1_346' title='bbox 1520 1744 1565 1773; x_wconf 93' lang='lat' dir='ltr'>De</span> <span class='ocrx_word' id='word_1_347' title='bbox 1594 1746 1729 1774; x_wconf 85' lang='lat' dir='ltr'>nauicula</span> <span class='ocrx_word' id='word_1_348' title='bbox 1753 1746 1838 1774; x_wconf 85' lang='lat' dir='ltr'>docet</span> 
     </span>
    </p>
   </div>
   <div class='ocr_carea' id='block_1_18' title="bbox 1451 1792 1837 2009">
    <p class='ocr_par' dir='ltr' id='par_1_28' title="bbox 1451 1792 1837 2009">
     <span class='ocr_line' id='line_1_85' title="bbox 1453 1792 1837 1830; baseline 0.003 -10"><span class='ocrx_word' id='word_1_349' title='bbox 1453 1793 1551 1820; x_wconf 89' lang='lat' dir='ltr'>turbas</span> <span class='ocrx_word' id='word_1_350' title='bbox 1561 1792 1589 1820; x_wconf 90' lang='lat' dir='ltr'>in</span> <span class='ocrx_word' id='word_1_351' title='bbox 1600 1793 1753 1829; x_wconf 84' lang='lat' dir='ltr'>parabolis,</span> <span class='ocrx_word' id='word_1_352' title='bbox 1765 1802 1837 1830; x_wconf 89' lang='lat' dir='ltr'>quas</span> 
     </span>
     <span class='ocr_line' id='line_1_86' title="bbox 1453 1839 1836 1877; baseline 0 -10"><span class='ocrx_word' id='word_1_353' title='bbox 1453 1839 1532 1867; x_wconf 90' lang='lat' dir='ltr'>domi</span> <span class='ocrx_word' id='word_1_354' title='bbox 1547 1839 1685 1877; x_wconf 85' lang='lat' dir='ltr'>apostolis</span> <span class='ocrx_word' id='word_1_355' title='bbox 1697 1840 1817 1877; x_wconf 83' lang='lat' dir='ltr'>exponit</span> <span class='ocrx_word' id='word_1_356' title='bbox 1829 1850 1836 1875; x_wconf 82' lang='lat'><em>3</em></span> 
     </span>
     <span class='ocr_line' id='line_1_87' title="bbox 1453 1886 1836 1924; baseline 0.003 -10"><span class='ocrx_word' id='word_1_357' title='bbox 1453 1886 1537 1914; x_wconf 86' lang='lat' dir='ltr'>docet</span> <span class='ocrx_word' id='word_1_358' title='bbox 1547 1887 1575 1914; x_wconf 91' lang='lat' dir='ltr'>in</span> <span class='ocrx_word' id='word_1_359' title='bbox 1582 1896 1731 1924; x_wconf 86' lang='lat' dir='ltr'>synagoga</span> <span class='ocrx_word' id='word_1_360' title='bbox 1741 1887 1836 1915; x_wconf 80' lang='lat' dir='ltr'>Naza-</span> 
     </span>
     <span class='ocr_line' id='line_1_88' title="bbox 1452 1933 1836 1968; baseline 0.005 -7"><span class='ocrx_word' id='word_1_361' title='bbox 1452 1933 1522 1968; x_wconf 86' lang='lat' dir='ltr'>reth,</span> <span class='ocrx_word' id='word_1_362' title='bbox 1549 1934 1597 1962; x_wconf 91' lang='lat' dir='ltr'>ubi</span> <span class='ocrx_word' id='word_1_363' title='bbox 1628 1934 1689 1963; x_wconf 84' lang='lat' dir='ltr'>sine</span> <span class='ocrx_word' id='word_1_364' title='bbox 1724 1935 1836 1963; x_wconf 87' lang='lat' dir='ltr'>honore</span> 
     </span>
     <span class='ocr_line' id='line_1_89' title="bbox 1451 1985 1502 2009; baseline 0.02 -1"><span class='ocrx_word' id='word_1_365' title='bbox 1451 1985 1502 2009; x_wconf 86' lang='lat' dir='ltr'>est.</span> 
     </span>
    </p>
   </div>
  </div>
 </body>
</html>
