2258 3157
370 322 483 352 D'ffiGQ.

170 370 264 399 XLII.
294 370 340 398 De
371 379 405 397 -v-
435 369 559 406 panibus
589 373 616 396 et
639 377 676 396 ·11·

211 418 340 455 piscibus
365 417 395 444 in
419 426 453 444 ·v·
478 416 557 443 milia
581 415 676 443 homi-

211 474 292 492 num.

171 511 280 539 XLIII.
306 511 365 539 Ubi
390 511 445 539 Per
470 519 551 538 mare
574 510 675 538 ambu-

212 559 289 586 labat
309 562 336 586 et
355 562 473 595 petrum
493 561 675 594 mergentem

212 605 306 633 eleuat

173 650 297 691 [XLIII.
337 652 373 679 In
412 654 488 678 terra
524 649 676 678 Gennesar

211 699 293 726 multi
317 698 406 727 curati
431 702 497 726 sunt
522 702 675 734 tangentes

212 745 354 773 fimbriam
370 746 431 773 eius
447 742 497 783 G]

171 839 299 867 XLIIII.
322 838 367 866 De
391 839 526 866 manibus
544 837 675 865 lauendis

211 891 240 914 et
254 886 300 914 De
315 886 359 914 his
380 895 436 923 que
452 885 488 913 de
504 894 553 913 ore
569 890 676 912 exeunt

211 943 268 970 que
307 933 499 970 coinquinant
533 931 675 959 hominen

212 989 273 1007 non
289 989 344 1017 que
360 979 476 1007 intrant.

172 1026 264 1054 XLV.
293 1025 338 1053 IN
362 1030 436 1053 terra
458 1025 675 1062 gerassinorum

211 1073 294 1101 multi
315 1072 406 1101 sanati
421 1077 486 1100 sunt
504 1076 675 1109 tanguentes

212 1120 357 1148 fimbriam
373 1119 539 1148 uestimenti
554 1119 612 1147 ihu.

172 1166 280 1194 XLVI.
313 1166 386 1194 Filia
422 1166 550 1194 mulieris
579 1175 596 1194 a
626 1165 675 1194 de-

212 1213 313 1241 monio
329 1218 427 1241 curata
443 1218 494 1241 est.

174 1400 298 1429 XLVII.
333 1400 378 1428 De
408 1410 467 1428 ·vn·
497 1400 621 1437 panibus
649 1404 677 1427 et

214 1447 315 1483 paucis
331 1447 458 1484 piscibus
473 1447 503 1474 in
519 1457 582 1475 -1111-
599 1447 677 1475 milia

214 1494 343 1522 uirorum
368 1498 396 1521 et
421 1494 536 1521 saducei
562 1494 677 1530 signum

214 1545 315 1577 petunt
331 1541 367 1568 ab
382 1540 432 1568 ihu
446 1546 474 1568 et
489 1541 524 1568 de
534 1540 675 1568 fermento

215 1587 428 1624 pharisseorum
444 1587 489 1615 De
507 1587 677 1624 episcopatu

215 1634 287 1671 petri
303 1643 388 1670 super
404 1633 581 1662 cathedram.

175 1997 316 2027 XLVIII.
339 1998 398 2026 Ubi
422 1998 489 2026 dicit
510 1998 553 2026 ihs
570 1998 598 2025 Si
614 1999 678 2035 quis

215 2045 277 2072 uult
292 2050 357 2082 post
372 2054 419 2073 nie
439 2046 538 2073 uenire
553 2047 678 2082 abneget

216 2092 344 2128 seipsum
360 2092 400 2120 ni.

701 232 962 263 SECUNDUM
982 231 1049 260 MA
1059 230 1261 259 TTHEUM.

907 319 925 341 J
941 318 1053 346 threnas).

733 364 876 391 XXXIII.
907 363 965 391 Ubi
990 363 1107 391 secessit
1130 363 1180 391 Ihs
1202 363 1232 390 in

772 411 917 439 desertum
935 415 963 438 et
983 410 1018 438 de
1037 410 1164 447 quinque
1179 418 1232 447 pa-

772 458 856 485 nibus
871 461 898 484 et
915 457 1028 484 duobus
1044 456 1178 493 piscibus.

732 503 890 532 XXXIIII.
917 503 974 531 Ubi
997 504 1026 530 in
1048 508 1146 531 monte
1169 507 1232 531 orat

770 556 799 579 et
828 559 915 586 super
937 559 1016 578 mare
1046 549 1175 577 ambulat
1204 554 1231 577 et

771 597 889 625 Petrum
905 597 1014 624 liberat.

729 830 854 859 XXXV.
879 831 923 859 De
944 831 1078 858 manibus
1098 830 1231 858 lauandis

770 883 797 906 et
807 887 868 906 non
878 877 1110 905 maledicendum
1119 882 1231 914 patrem

770 929 818 952 aut
845 929 968 952 matrem
1002 929 1030 952 et
1058 924 1126 960 quia
1151 923 1230 960 quod

770 971 901 1008 procedit
926 971 962 999 de
987 980 1038 999 ore
1063 970 1232 1007 coinquinat

770 1018 928 1052 hominem,
951 1027 1011 1045 non
1031 1017 1110 1054 quod
1136 1018 1230 1053 ingre-

771 1064 852 1092 ditur.

729 1158 870 1185 XXXVI.
885 1157 930 1185 De
940 1158 1059 1185 muliere
1071 1157 1230 1185 Chananea

770 1205 851 1233 cuius
866 1205 924 1232 filia
939 1214 955 1232 a
971 1204 1126 1232 daemonio
1144 1213 1232 1232 uexa-

770 1253 853 1279 batur
868 1257 895 1280 et
911 1257 1013 1279 sanata
1027 1256 1079 1279 est.

730 1391 887 1420 XXXVII.
910 1392 969 1420 Ubi
988 1392 1036 1419 Ihs
1059 1391 1180 1420 sedebat
1202 1392 1230 1419 in

768 1444 881 1473 monte,
910 1444 937 1467 et
969 1440 1089 1467 curabat
1124 1439 1231 1467 multos

770 1495 874 1514 caecos
895 1491 923 1514 et
945 1491 1041 1513 mutos
1064 1491 1091 1514 et
1112 1486 1147 1514 de
1168 1495 1231 1523 sep-

771 1537 830 1560 tem
846 1533 977 1569 panibus.

731 1579 903 1607 XXXVIII.
920 1579 978 1607 Ubi
993 1579 1023 1607 in
1039 1580 1112 1608 fines
1127 1579 1230 1616 Mage-

772 1626 829 1654 dan
845 1626 990 1654 Pharisaei
1007 1627 1122 1663 signum
1145 1627 1181 1654 ab
1196 1635 1231 1654 eo

772 1673 808 1701 de
845 1673 927 1701 caelo
959 1677 1062 1710 petunt
1099 1678 1126 1701 et
1162 1674 1230 1710 quia

772 1720 904 1756 discipuli
943 1720 1004 1748 eius
1046 1720 1126 1748 obliti
1167 1726 1232 1748 sunt

772 1776 863 1803 panes
899 1775 1013 1794 sumere
1048 1772 1076 1795 et
1107 1767 1142 1795 de
1178 1767 1231 1795 fer-

773 1818 872 1841 mento
888 1813 1118 1842 Pharisaeorum.

734 1859 921 1888 XXXVIIII.
943 1860 1001 1888 Ubi
1013 1861 1171 1898 interrogat
1183 1861 1231 1889 Ihs

774 1907 930 1944 discipulos
951 1916 1018 1935 suos
1037 1917 1145 1945 quaem
1164 1917 1231 1936 eum

774 1954 902 1981 dicerent
936 1963 999 1982 esse
1038 1954 1172 1983 homines
1204 1960 1232 1983 et

772 2000 896 2028 ostendit
911 2001 951 2029 eis
968 2010 1041 2038 quae
1053 2011 1189 2038 passurus
1202 2011 1231 2030 e-

773 2052 823 2075 rat.

208 2165 241 2188 In
260 2172 341 2188 unum
363 2166 418 2195 (ΜΖ.
440 2166 526 2195 XLII)
548 2167 679 2197 [onz'zmgit

175 2197 235 2221 XLI
248 2201 271 2220 et
283 2198 357 2221 XLII
370 2198 402 2221 G.

208 2230 303 2253 XLIII.
322 2238 387 2257 per:
406 2239 479 2262 supra
493 2232 523 2259 G,
539 2240 612 2262 super
624 2232 655 2262 Q.

208 2262 317 2286 XLIIII.
337 2263 419 2289 (XLV
445 2264 473 2287 in
501 2265 534 2294 G)
562 2272 615 2292 que
634 2268 677 2295 pr.

174 2295 221 2318 loco
232 2304 236 2318 z
254 2296 312 2326 quia
324 2296 410 2327 OEPGQ.

208 2328 287 2351 XLV.
304 2336 350 2352 om.
360 2329 383 2352 G
394 2337 399 2357 ;
412 2329 488 2352 curati
498 2330 557 2360 EPQ.
575 2330 637 2353 nesti
647 2331 676 2360 Q.
703 2320 704 2327 ἵ

176 2361 228 2384 eius
240 2364 297 2383 ante
309 2361 352 2384 ffiu
363 2366 513 2392 cxpunclzme
527 2362 559 2386 D.

209 2393 301 2417 XLVI.
328 2394 404 2418 ÷Ubi
422 2395 456 2417 ad
472 2395 529 2418 inst.
549 2395 587 2423 G;
612 2396 677 2420 ÷De

177 2426 208 2456 Q.
236 2428 363 2449 mulieris
382 2434 483 2458 ÷quam
493 2428 555 2458 EPQ,
571 2428 677 2452 †Cana-

177 2466 237 2481 neae
251 2459 280 2482 G.
317 2460 411 2483 curauit
426 2460 480 2490 GQ.

211 2491 317 2515 XLVII.
339 2496 366 2518 >
377 2497 463 2523 petunt
476 2494 506 2516 ab
519 2494 559 2516 ihu
579 2494 677 2524 signum

177 2524 263 2554 ffGQ.
287 2524 378 2555 pharis.
396 2532 414 2548 -ι-
428 2530 452 2549 et
462 2526 492 2556 Q.
522 2527 557 2549 ad
565 2526 595 2549 de
608 2526 675 2550 ferm.

178 2557 225 2579 inc.
250 2557 363 2580 XLVIII
382 2558 412 2581 in
433 2559 464 2582 G.
499 2561 678 2583 cathedram:

178 2593 273 2619 petram
286 2590 371 2620 EPGQ.

211 2622 331 2645 XLVIII.
350 2625 469 2651 abneget
486 2625 609 2651 seipsum
629 2626 677 2648 nT:

178 2654 252 2677 tollat
269 2662 365 2679 erucem
383 2664 453 2679 suam
470 2661 493 2680 et
509 2662 624 2688 sequatur
640 2665 678 2680 me
703 2669 705 2690 .¹

179 2687 265 2717 φορ.

1513 312 1548 336 Κ.

1741 234 1778 265 31
