2258 3157
752 276 796 303 Μ
796 275 881 304 ONI
882 275 912 303 T
913 275 983 303 HM
999 275 1024 303 A
1031 275 1281 304 NONVMUM.
1746 278 1764 310 5

504 436 700 477 [INCIPIT
731 435 1083 467 ARGUMENTUM
1116 435 1526 467 EUANGELIORUM.

332 531 461 555 Illmzitum
472 531 515 554 lzoc
526 531 649 554 edidimus
659 538 691 553 ex
701 531 777 554 [adise
790 531 824 559 K,
837 530 1019 553 adiuuantibus
1030 530 1099 553 editt.
1113 530 1237 554 Uallarsiz’
1249 530 1334 559 (Ηίεν.
1346 530 1389 560 Op.
1404 529 1429 553 T
1425 537 1471 553 om.
1482 530 1516 552 X.
1531 529 1642 553 Ueronae
1657 527 1731 558 1740)
1744 531 1767 550 et

271 573 296 596 T
293 572 400 596 lzomasz‘z'
416 573 473 603 (Op.
491 573 516 595 T
512 580 557 595 om.
573 579 592 600 1,
607 572 642 595 cd.
663 572 769 600 Uczwsi'5
787 572 879 594 Romae
894 573 976 602 1747).
1011 571 1140 602 Impressit
1157 571 1181 594 T
1177 571 1240 594 hom.
1258 579 1269 594 e
1285 571 1332 593 cod.
1353 571 1422 594 Orat.
1437 571 1464 593 Β.
1477 576 1518 592 VII
1536 573 1558 593 et
1574 569 1638 592 codd.
1653 569 1765 599 Reginae

266 614 374 637 Suetz'ae.
408 613 488 636 Iuscr.
501 615 554 637 ine.
568 621 625 640 arg.
636 620 734 640 euang.
747 620 803 635 cum
817 612 841 635 K
852 621 857 636 z
874 612 1042 643 Hieronymus
1055 613 1166 635 Damaso
1178 620 1259 643 papae
1276 612 1342 636 Uall.
1360 612 1384 635 T
1380 611 1444 635 liam.
1458 611 1521 634 codd.
1534 614 1573 641 ap.
1585 610 1700 633 eundem.

355 696 534 727 Sciendum
553 696 663 733 etiam,
680 706 721 726 ne
744 696 816 735 quis
840 696 990 736 ignarum
1013 706 1056 726 ex
1080 695 1296 726 similitudine
1320 705 1533 725 numerorum
1557 704 1647 725 error
1671 694 1764 723 inuo-

266 748 346 784 luat,
370 749 460 788 quod
484 748 587 779 sicubi
612 748 644 777 in
676 748 911 778 subnotatione
935 758 1097 778 canonum
1128 748 1368 783 distinctorum,
1400 747 1433 777 in
1462 757 1585 777 canone
1616 745 1766 786 quolibet

266 805 333 831 tres
359 800 580 840 euangelistae
601 800 661 836 bis,
679 799 730 830 uel
754 805 814 836 ter,
831 800 882 829 uel
906 804 1032 839 quater,
1055 804 1112 830 aut
1136 800 1234 830 etiarn
1259 799 1402 839 amplius
1425 799 1567 828 eundem
1591 807 1766 827 numerum

267 863 325 892 per
340 852 490 882 ordinem
514 851 689 882 habuerint
713 852 922 887 adnotatum,
942 856 975 881 et
999 856 1136 891 quartus
1152 862 1170 881 e
1187 851 1353 881 contrario
1373 851 1605 890 discrepantes,
1624 849 1714 889 quod
1733 849 1765 879 id

267 904 357 943 quod
380 908 447 933 tres
470 903 516 933 illi
540 903 572 933 in
589 914 628 934 eo
644 903 718 934 loco
735 903 836 933 semel
854 903 1009 939 dixerint,
1027 908 1163 943 quartus
1179 903 1302 933 totiens
1320 903 1352 932 in
1369 912 1507 942 corpore
1524 901 1700 931 uoluminis
1716 900 1766 931 sui

267 959 381 995 ponat,
405 956 556 995 quotiens
580 955 700 985 diuersi
724 955 850 985 numeri
874 955 906 984 in
930 955 1000 985 eius
1023 965 1148 985 canone
1171 954 1270 995 positi
1294 954 1368 989 sint,
1391 958 1502 984 contra
1526 953 1767 993 praedictorum

268 1017 479 1037 numerorum
496 1007 704 1037 continuatas
720 1006 963 1037 similitudines.

355 1059 440 1089 Item
455 1059 481 1088 si
498 1059 530 1088 in
548 1069 613 1089 uno
636 1057 785 1098 quolibet
802 1068 914 1088 eorum
937 1062 995 1089 aut
1014 1058 1113 1088 etiam
1138 1058 1275 1094 duobus,
1293 1057 1381 1087 idem
1405 1056 1438 1087 in
1462 1066 1588 1087 canone
1613 1065 1766 1085 numerus

267 1110 327 1146 bis,
343 1115 403 1148 ter,
420 1115 476 1141 aut
493 1121 532 1141 eo
549 1110 691 1150 amplius
715 1110 894 1150 reperiatur
917 1110 948 1139 in
972 1110 1087 1140 ordine
1112 1109 1313 1146 conlocatus,
1338 1113 1370 1138 et
1395 1109 1507 1147 dispar
1532 1107 1717 1137 inueniatur
1734 1107 1766 1136 in

267 1162 400 1200 ceteri53
430 1162 568 1192 dubium
595 1172 661 1192 non
687 1162 748 1192 erit
779 1162 857 1201 quin
889 1162 921 1191 id
951 1162 1041 1201 quod
1069 1161 1155 1191 illius
1184 1160 1357 1191 illorumue
1382 1160 1516 1190 canonis
1548 1159 1691 1189 numeris
1717 1159 1767 1189 bis

267 1219 383 1254 terque
399 1214 575 1253 repetitum
592 1214 634 1244 ab
651 1214 700 1244 his
718 1215 750 1243 in
768 1214 935 1244 uolumine
959 1213 1060 1243 semel
1077 1213 1203 1243 dictum
1225 1213 1276 1247 sit,
1295 1212 1389 1243 alteri
1412 1222 1490 1242 uero
1513 1222 1626 1242 eorum
1647 1211 1768 1241 totiens

267 1266 300 1296 in
317 1276 383 1296 uno
399 1271 501 1305 atque
517 1267 636 1296 eodem
653 1276 748 1296 sensu
770 1265 948 1305 loquantur
964 1265 1119 1305 quotiens
1141 1264 1358 1305 praetulerint
1381 1264 1413 1294 in
1436 1273 1646 1293 numerorum
1663 1263 1767 1293 adno-

267 1318 395 1348 tatione
411 1318 612 1348 distantiam.
660 1318 736 1348 Hoc
754 1321 787 1347 et
810 1317 842 1347 in
866 1317 1015 1347 omnium
1035 1326 1155 1347 nouem
1177 1326 1342 1347 canonum
1366 1315 1551 1346 conlatione
1574 1315 1768 1345 seruabitur.

269 1369 425 1400 Ceterum
448 1370 481 1400 in
504 1370 631 1400 decimo
651 1369 809 1409 quoniam
834 1369 968 1409 propria
983 1368 1187 1408 singulorum
1208 1368 1444 1399 tantummodo
1468 1367 1686 1403 continentur,
1703 1376 1767 1396 non

268 1426 379 1462 potest
396 1426 509 1452 contra
527 1422 559 1451 id
576 1422 783 1461 comparatio
801 1431 871 1451 esse
888 1421 977 1460 quod
995 1421 1102 1451 solum
1123 1425 1182 1451 est.

706 1505 930 1536 EXPLICIT
954 1503 1332 1547 ARGUMENTUM.]

304 1665 324 1681 1.
342 1659 443 1681 etiam:
462 1661 543 1681 tamen
556 1658 589 1681 K.
623 1658 665 1689 qui
678 1658 802 1689 sig-narum
816 1658 896 1689 z'm'pte
908 1659 940 1682 K.

304 1704 325 1720 2.
343 1699 434 1720 sicubi
445 1697 470 1720 K
482 1697 547 1721 Uall.
560 1705 564 1720 :
585 1697 647 1720 sieut
660 1697 684 1720 T
682 1697 745 1720 llam.
759 1701 782 1720 et
794 1698 850 1721 sz'.
861 1698 972 1728 Reginae

267 1736 337 1767 apud
348 1736 415 1759 Uall.
443 1736 628 1759 distinctionum
639 1736 688 1759 cod.
698 1736 780 1759 Palat.
792 1744 822 1766 49
832 1740 870 1766 ap.
887 1737 911 1759 T
907 1737 971 1759 hom.

302 1782 324 1804 3.
342 1783 388 1798 om.
401 1777 448 1798 uel
460 1778 517 1798 ante
534 1779 578 1798 ter
594 1775 627 1798 K.
663 1778 775 1803 quater:
795 1779 910 1805 quattuor
922 1775 971 1798 cod.

268 1815 327 1845 Reg.
341 1818 380 1845 ap.
394 1814 462 1838 Uall.
496 1814 610 1837 eumdem
625 1814 709 1837 leom.

300 1861 323 1883 4.
342 1853 479 1876 habuerunt
491 1853 573 1876 leom.
594 1855 669 1881 quod
679 1855 709 1875 id
719 1854 793 1881 quod
801 1861 856 1875 cum
871 1853 955 1876 Thom.
964 1861 969 1877 :

267 1892 334 1923 quod
348 1891 406 1914 idK
420 1892 450 1922 gf.
467 1892 534 1915 Uall.
547 1891 575 1914 in
588 1892 697 1920 notulis3
714 1892 771 1923 quia
782 1892 807 1914 id
819 1891 886 1922 quod
903 1892 969 1916 Uall.

268 1932 296 1954 in
308 1934 386 1954 textu.

302 1977 324 2000 5.
343 1970 454 1992 dixerunt
465 1969 529 1992 codd.
543 1972 582 1999 ap.
599 1969 683 1993 Tlmm.
718 1970 790 1993 toties
804 1969 837 1992 K.

301 2008 323 2031 6.
342 2008 437 2039 quoties
450 2007 483 2031 K.
518 2009 575 2031 sint
589 2007 628 2031 K:
647 2012 702 2032 sunt
719 2009 785 2032 Uall.
801 2009 825 2031 T
822 2008 893 2036 hom„
910 2008 968 2031 ilem

268 2051 334 2071 stant
348 2047 424 2070 ‘editi
433 2046 438 2055 '
451 2049 490 2077 ap.
509 2047 575 2071 Uall.

302 2091 323 2116 7.
342 2086 483 2109 continuata
500 2085 583 2109 Thom.

301 2125 322 2148 S.
341 2124 433 2147 Iterum
451 2124 484 2146 K.
519 2125 595 2147 idem
613 2124 638 2147 K
655 2124 722 2147 Uall.
741 2124 854 2153 (Tcxt.):
876 2123 967 2146 ibidem

273 2163 367 2191 Tlmmq
379 2162 427 2186 cod.
440 2165 479 2193 ap.
495 2162 562 2186 Uall.

301 2209 323 2232 9.
342 2205 401 2224 ter:
426 2207 443 2224 ÷
458 2204 572 2231 quattuor
585 2201 619 2230 K,
631 2202 697 2232 quenl
705 2210 716 2225 e
728 2201 839 2232 uulgaris
853 2201 966 2224 additmn

267 2248 314 2264 esse
333 2240 385 2270 (uel
400 2243 441 2263 aut
456 2241 550 2270 quater)
566 2240 661 2263 iudicat
674 2241 740 2264 [sall.
774 2241 923 2271 repperiatur
936 2241 966 2264 Y.

268 2281 364 2307 dispar
380 2279 459 2302 Uall.:
484 2278 588 2309 disparis
608 2279 633 2302 T
629 2279 703 2307 llam„
721 2279 831 2310 dispares
851 2279 885 2308 K,
901 2279 966 2303 codd.

267 2322 306 2350 ap.
319 2318 386 2342 Uall.
420 2317 574 2341 inueniantur
592 2317 626 2347 K,
641 2318 691 2341 edd.
703 2321 741 2349 ap.
757 2319 840 2347 Uall.;
859 2318 917 2342 ilem
933 2319 968 2341 sic

1067 1658 1238 1689 distinguitur
1248 1657 1273 1680 K
1285 1657 1395 1688 dispares
1405 1657 1565 1680 inueniant-ur,
1584 1656 1613 1679 In
1622 1657 1707 1680 ceteris
1715 1660 1756 1679 etc.

1102 1704 1138 1720 10.
1158 1698 1258 1721 caeteris
1281 1697 1348 1720 [sall.
1371 1696 1456 1719 leom.
1504 1697 1573 1724 quin
1592 1697 1623 1718 id
1646 1697 1722 1724 quod
1744 1696 1768 1719 K

1071 1737 1152 1760 Uall.:
1172 1737 1238 1766 quod
1259 1736 1284 1759 id
1310 1736 1395 1759 leom.
1431 1743 1535 1759 canones
1553 1735 1638 1758 leom.
1672 1742 1768 1758 nume-

1065 1777 1104 1798 ris
1122 1775 1224 1799 leom.:
1244 1782 1359 1798 uumerus
1371 1774 1395 1797 K
1411 1775 1478 1798 Uall.

1102 1821 1138 1837 11.
1157 1817 1254 1841 terque
1268 1813 1292 1836 K
1311 1814 1391 1837 Uall.:
1411 1817 1446 1836 ter
1463 1813 1547 1836 Tlmm.
1581 1814 1722 1844 repertitum
1736 1813 1768 1836 K.

1065 1853 1159 1876 dictum
1184 1856 1220 1876 est
1244 1852 1284 1881 K3
1308 1852 1331 1875 d.
1355 1860 1407 1875 esse
1431 1852 1538 1875 ostendit
1560 1852 1612 1875 edd.
1636 1857 1675 1883 ap.
1701 1853 1768 1877 Uall.

1065 1893 1148 1915 alteri
1163 1899 1231 1915 uero
1248 1899 1302 1915 eor.
1320 1891 1386 1914 Uall.
1404 1892 1428 1914 T
1424 1891 1505 1915 hama:
1526 1891 1588 1915 alter
1600 1891 1701 1915 alteriue
1718 1900 1768 1915 eor.

1064 1930 1089 1954 K
1102 1931 1153 1954 edd.
1167 1934 1206 1961 ap.
1224 1931 1303 1959 Παλ(
1313 1930 1401 1953 ÷alter
1413 1929 1533 1960 alterius).
1568 1931 1642 1953 toties
1655 1930 1687 1953 Κ.

1100 1977 1108 1992 1
1117 1977 1137 1992 2.
1156 1977 1202 1992 om.
1215 1971 1246 1992 in
1258 1972 1316 1992 ante
1328 1977 1385 1993 uno
1396 1969 1428 1992 K.
1451 1969 1549 1992 sensulo
1562 1973 1666 2000 quantus
1677 1970 1768 2000 (inepte

1058 2012 1107 2039 pro
1120 2016 1191 2032 sensu
1203 2008 1345 2039 loquantur)
1360 2008 1393 2031 K.
1427 2008 1523 2039 quoties
1536 2008 1569 2031 K.

1097 2055 1135 2077 13.
1156 2051 1183 2074 >
1194 2051 1218 2071 et
1229 2047 1276 2071 hoe
1289 2046 1321 2070 K.

1097 2093 1134 2116 14.
1153 2090 1277 2109 caeterum
1291 2086 1357 2110 Uall.
1374 2086 1398 2108 T
1395 2086 1458 2108 llam.
1494 2088 1628 2114 quoniam
1640 2086 1665 2109 K
1679 2087 1703 2109 T
1701 2086 1765 2109 hom.

1062 2125 1127 2148 codd.
1140 2128 1179 2155 ap.
1193 2125 1259 2148 Uall.
1271 2133 1275 2147 :
1294 2125 1318 2147 in
1331 2132 1380 2155 quo
1396 2125 1461 2148 Uall.
1477 2125 1581 2154 (Text).

1097 2170 1136 2194 15.
1154 2164 1297 2194 conparatio
1309 2163 1342 2186 K.
1377 2163 1474 2186 soluum
1485 2163 1518 2187 K.
1554 2167 1596 2187 est
1605 2171 1621 2188 ÷
1630 2167 1691 2195 opto
1704 2168 1729 2188 ut
1741 2165 1767 2188 in

1063 2202 1162 2226 Christo
1181 2202 1291 2232 (leonz.‚
1310 2202 1373 2225 codd.
1391 2206 1431 2233 ap.
1450 2202 1526 2231 Uala,
1544 2203 1586 2226 sed
1602 2203 1626 2226 in
1646 2206 1766 2234 perpetuo

1066 2242 1144 2270 Uall.)
1163 2241 1247 2264 ualeas
1269 2244 1292 2264 et
1314 2241 1452 2264 memineris
1474 2242 1523 2265 mei
1543 2242 1681 2265 beatissime
1699 2250 1766 2273 papa

1067 2280 1133 2303 Uall.
1158 2280 1182 2302 T
1179 2280 1260 2308 lzom.;
1286 2280 1415 2303 misimus
1432 2288 1488 2303 cum
1512 2280 1545 2304 K.
1578 2288 1625 2304 om.
1646 2283 1763 2308 explicit

1063 2322 1261 2347 argumentum
1278 2319 1343 2343 Uall.
1361 2319 1446 2342 lem.

1785 1172 1814 1188 10
