2209 3147
213 249 281 272 Xix.
295 249 404 279 27-xx.
416 240 453 284 5.]

211 337 286 357 ecce
302 337 361 358 nos
378 327 570 366 reliquimus
586 326 698 357 omnia

209 383 242 408 et
259 379 361 409 secuti
378 389 491 409 sumus
508 383 541 409 te

209 430 289 470 quid
307 441 384 470 ergo
404 431 464 461 erit
479 430 598 461 nobis?

172 478 314 505 28(196·10)
335 482 425 512 Iesus
442 486 553 512 autem
570 481 657 511 dixit
674 480 737 512 illis

209 545 305 564 amen
328 535 401 565 dico
424 535 519 566 uobis
540 534 629 574 quod
649 544 709 564 uos
731 534 786 574 qui
808 535 911 565 secuti

254 586 331 617 estis
348 597 401 617 me

210 638 242 668 in
281 638 526 678 regeneratione
557 648 632 668 curn
667 638 789 668 sederit
827 638 912 668 filius

253 689 393 720 hominis
411 690 443 719 in
459 690 537 720 sede
557 689 738 720 maiestatis
754 700 833 720 suae

210 740 269 764 (197·
281 741 302 763 5)
319 741 476 772 sedebitis
489 746 521 771 et
539 751 598 771 uos
614 751 711 781 super
723 742 817 772 sedes
831 742 911 771 duo-

253 793 359 824 decim
380 793 562 824 iudicantes
578 793 753 824 duodecim

210 845 316 875 tribus
333 844 461 875 israhel.

175 895 304 920 ²⁹(1⁹⁸·2)
322 897 367 927 Et
384 896 491 927 omnis
509 896 564 935 qui
582 896 714 935 reliquit
731 896 868 926 domum

210 949 262 980 uel
276 949 390 979 fratres
406 953 463 978 aut
479 958 606 978 sorores

209 1006 267 1031 aut
283 1006 412 1041 patrem
429 1004 486 1030 aut
504 1004 643 1030 matrem

209 1058 266 1085 aut
283 1063 423 1083 uxorem
440 1057 498 1083 aut
514 1052 597 1082 filios

208 1110 266 1136 aut
283 1115 380 1145 agros
396 1109 531 1144 propter
544 1114 664 1134 nomen
682 1114 791 1134 meum

209 1156 399 1197 centuplum
416 1156 555 1196 accipiet

514 241 834 272 EUANGELJUM
852 241 1116 271 SECUNDUM
1133 241 1199 271 MA
1210 242 1411 272 TTHEUM.
1657 252 1713 274 121

1015 331 1048 357 et
1064 327 1167 357 uitam
1184 332 1351 358 aeternam
1368 328 1560 367 possidebit.

978 375 1075 399 30‘109·
1088 378 1110 401 2)
1143 379 1242 410 Multi
1273 384 1384 410 autem
1411 384 1508 410 erunt
1536 379 1631 419 primi
1659 390 1716 410 no-

1058 440 1183 460 mss1m1

1015 486 1047 511 et
1064 481 1233 511 nouissimi
1250 482 1357 522 primi.

974 531 1051 562 XX.
1066 531 1172 555 (200-10)
1198 532 1313 564 Simile
1361 538 1411 564 est
1452 534 1539 564 enim
1580 544 1716 574 regnum

1059 584 1224 615 caelorum
1243 584 1368 615 homini
1385 585 1470 625 patri
1490 585 1630 616 familias

1016 637 1071 676 qui
1083 636 1164 666 exiit
1177 636 1284 675 primo
1299 646 1396 667 mane
1409 638 1590 668 conducere
1603 648 1717 678 opera-

1059 699 1124 718 1105
1141 698 1173 718 in
1190 698 1319 718 umeam
1341 699 1433 718 suam

993 739 1234 770 2c0nuentione
1257 743 1368 769 autem
1394 739 1480 770 facta
1504 749 1578 770 curn
1603 751 1717 780 opera-

1061 801 1114 821 rus

1016 854 1059 873 ex
1078 842 1213 873 denario
1230 842 1347 872 diurno

1018 895 1106 925 misit
1123 905 1179 924 eos
1195 894 1228 924 in
1244 894 1375 924 uineam
1394 904 1488 924 suam

994 950 1005 968 3
1016 951 1049 977 et
1065 956 1214 986 egressus
1231 946 1315 976 circa
1331 945 1446 976 horam
1464 946 1596 976 tertiam

1018 999 1100 1029 uidit
1117 998 1198 1028 alios
1214 1002 1338 1027 stantes
1356 997 1387 1027 in
1403 997 1474 1028 foro
1492 998 1616 1028 otiosos

993 1046 1005 1064 4
1016 1056 1048 1081 et
1065 1049 1127 1080 illis
1144 1049 1230 1079 dixit
1247 1049 1293 1079 ite
1309 1053 1341 1079 et
1358 1059 1418 1079 uos
1435 1049 1465 1079 in
1483 1049 1612 1080 uincam

1016 1108 1048 1133 et
1065 1102 1154 1141 quod
1171 1101 1293 1131 iustum
1310 1100 1404 1131 fuerit
1422 1101 1510 1132 dabo
1526 1102 1620 1132 uobis

993 1155 1005 1173 5
1016 1154 1061 1185 illi
1077 1158 1188 1185 autem
1206 1153 1355 1183 abierunt

209 1258 358 1296 spondens
387 1264 486 1296 petrus
514 1258 584 1286 dixit
610 1259 644 1286 ei.

193 1342 194 1345 Ἴ
208 1306 261 1334 erit
283 1306 377 1334 nobis.

687 1268 754 1286 ecce
778 1267 832 1286 nos
855 1258 1022 1296 reliquimus
1046 1256 1154 1285 omnia.

1195 1260 1223 1283 et
1253 1254 1342 1283 secuti
1366 1263 1466 1282 sumus
1495 1258 1523 1282 te
1550 1254 1621 1292 quid
1650 1263 1719 1291 ergo

289 1353 311 1368 2⁸
321 1353 398 1380 iesus
413 1358 509 1380 autem
527 1352 598 1380 dixit
614 1352 676 1380 illis.
707 1361 793 1380 amen
809 1352 875 1380 dico
891 1351 975 1380 uobis
990 1351 1130 1388 quoniam
1145 1357 1198 1377 uos
1214 1349 1263 1385 qui
1279 1347 1368 1376 secuti
1384 1348 1451 1376 estis
1467 1357 1514 1376 me
1530 1348 1559 1375 in
1576 1357 1718 1376 resurrec-

208 1400 296 1428 tione.
336 1408 404 1427 cum
430 1399 537 1427 sederit
564 1399 638 1426 filius
661 1398 789 1426 hominis
819 1408 905 1436 supra
929 1398 1029 1426 sedem
1054 1396 1212 1425 maiestatis
1239 1404 1308 1423 suae
1331 1394 1476 1422 sedebitis.
1507 1399 1535 1422 et
1557 1403 1612 1423 uos
1633 1404 1719 1432 super

208 1446 363 1475 duodecim
385 1446 478 1474 sedes.
509 1445 670 1474 iudicantes
693 1445 848 1474 duodecim
871 1446 960 1473 tribus
983 1444 1108 1473 sdrahel.
1143 1442 1164 1458 ²⁹
1174 1448 1202 1471 et
1224 1442 1322 1470 omnis
1344 1442 1394 1479 qui
1417 1441 1560 1478 relinquet
1586 1441 1718 1470 domum.

209 1493 255 1522 uel
277 1493 385 1521 fratres.
415 1498 464 1520 aut
486 1502 610 1520 sorores.
650 1498 699 1520 aut
722 1497 842 1529 patrem.
885 1497 933 1520 aut
956 1496 1088 1519 matrem.
1119 1495 1168 1518 aut
1197 1498 1328 1517 uxorem.
1365 1494 1414 1517 aut
1439 1489 1520 1517 filios.
1559 1494 1607 1516 aut
1632 1498 1719 1526 agros

209 1545 327 1578 propter
349 1549 458 1568 nomen
480 1548 579 1567 meum
602 1539 771 1576 centuplum
794 1539 924 1577 accipiet.
954 1543 982 1567 et
1000 1539 1091 1567 uitam
1113 1543 1263 1565 aeternam
1284 1536 1455 1573 possidebit.
1488 1535 1510 1550 ⁸⁰
1519 1536 1601 1563 multi
1622 1541 1719 1564 autem

210 1593 293 1616 erunt
308 1587 393 1624 primi
408 1587 560 1615 nouissimi
576 1591 603 1614 et
618 1587 771 1614 nouissimi
787 1587 878 1623 primi.

292 1634 358 1661 XX.
382 1632 390 1647 ¹
401 1633 499 1661 Simile
515 1638 557 1661 est
573 1633 650 1661 enim
662 1642 786 1670 regnum
801 1633 957 1661 caelorum.
988 1632 1100 1660 homini
1116 1631 1189 1668 patri
1205 1630 1338 1658 familias.
1375 1630 1424 1667 qui
1439 1629 1508 1657 exiit
1523 1630 1617 1667 prima
1631 1639 1718 1658 mane

210 1681 377 1710 conducere
392 1680 542 1717 operarios
558 1680 587 1707 in
603 1680 720 1708 uineam
736 1689 827 1708 suam.
858 1681 868 1696 ²
878 1680 1077 1708 conuentione
1092 1684 1188 1706 autem
1204 1678 1281 1706 facta
1296 1686 1365 1705 cum
1380 1677 1527 1714 operariis.
1551 1686 1587 1705 ex
1599 1677 1719 1705 denario

209 1728 322 1756 diurno.
354 1728 431 1755 misit
449 1736 499 1755 eos
520 1727 549 1754 in
568 1727 684 1755 uineam
705 1736 796 1755 suam.
829 1727 876 1755 ³et
890 1736 1025 1764 egressus
1047 1727 1123 1755 circa
1138 1726 1241 1753 horam
1257 1725 1372 1752 tertiam
1389 1724 1460 1752 uidit
1476 1724 1547 1752 alios
1563 1729 1671 1752 stantes
1689 1725 1717 1751 in

209 1775 272 1803 foro
294 1775 412 1804 0110505.
444 1774 492 1801 4et
515 1774 553 1802 ait
575 1774 628 1802 illis
650 1774 688 1802 ite
710 1779 736 1802 et
758 1783 812 1802 uos
831 1774 859 1801 in
880 1774 998 1802 uineam
1016 1782 1121 1801 meam.
1155 1777 1183 1800 et
1202 1771 1284 1808 quod
1305 1772 1411 1799 iustum
1430 1771 1511 1799 fuerit
1529 1771 1606 1799 dabo
1625 1771 1718 1799 uobis.

210 1822 269 1850 ⁵illi
293 1827 390 1850 autem
417 1821 557 1849 abierunt.
590 1825 619 1849 et
644 1821 747 1848 iterum
772 1821 840 1848 exiit
869 1821 945 1849 circa
969 1820 1072 1848 horam
1096 1824 1208 1847 sextam
1233 1823 1260 1846 et
1286 1827 1405 1845 nonam.
1438 1823 1466 1845 et
1494 1817 1560 1846 fecit
1584 1818 1718 1847 similiter.

209 1936 233 1957 et
246 1933 307 1956 dixit
317 1933 347 1956 R.
382 1932 544 1963 relinquimus
553 1932 741 1962 CLO³³²⁶QRY;
759 1932 909 1955 dimissimus

210 1972 239 1996 E.
273 1972 369 2003 sequuti
382 1971 452 1994 ΘΧ*.
487 1979 533 1994 om.
546 1978 613 1998 ergo
625 1971 653 1994 L.

245 2011 282 2034 28.
301 2012 375 2034 illis:
393 2010 428 2033 eis
441 2010 598 2033 JKNsOVZ.
634 2009 729 2040 sequuti
745 2010 800 2033 ΘΧ.
836 2009 911 2032 hestis

210 2050 239 2074 C.
274 2050 299 2072 in
328 2050 485 2080 generatione
514 2049 656 2079 RMULQ&
687 2055 705 2072 ÷
721 2049 769 2071 ista
797 2048 910 2078 OEPWQR.

210 2097 269 2120 qum
283 2089 318 2118 H,
331 2096 406 2119 quum
418 2088 449 2111 Θ.
483 2088 575 2111 sederet
590 2088 624 2111 H.
659 2088 742 2111 sedem
756 2088 782 2110 F.
818 2095 910 2118 mages-

209 2128 267 2151 tatis
280 2128 310 2157 C,
322 2127 407 2158 magis.
422 2127 452 2150 O.
487 2135 529 2150 sue
540 2127 581 2150 W.
615 2126 735 2150 dedebitis
745 2126 766 2149 V
778 2126 804 2155 (d
818 2125 909 2156 ruba).

210 2174 282 2197 supra
305 2167 335 2189 T.
373 2166 509 2189 duodecem
533 2165 569 2188 his
593 2166 636 2188 ΞΡ*
658 2164 727 2196 (-cim
751 2173 812 2188 corr.
838 2164 908 2195 nep),

211 2211 268 2227 0111-
281 2205 317 2228 bis
329 2205 418 2233 ERW,
430 2212 472 2227 sec.
485 2204 513 2227 L.
549 2205 654 2227 israhel
668 2204 725 2227 uide
739 2204 774 2226 ad
784 2203 807 2226 ii.
820 2202 843 2226 6.

246 2251 283 2275 29.
303 2252 388 2267 omnes
410 2243 479 2267 H¹O.
514 2245 630 2271 reliquit
650 2242 764 2273 (ἀφῆκεν)
784 2243 847 2265 codd.
864 2242 910 2273 pl„

211 2283 319 2314 reliquid
333 2283 395 2306 CO:
421 2282 544 2313 reliquerit
563 2281 691 2313 EQJQR*
705 2290 753 2313 vg„
771 2281 911 2312 relinquerit

212 2323 277 2351 ΚΒΜ,
296 2322 395 2352 liquerit
416 2322 444 2345 L.
479 2321 581 2344 domurn
605 2325 647 2344 aut
671 2322 701 2344 R.
736 2321 855 2344 huxorem
880 2320 909 2348 C,

210 2369 297 2384 uxores
310 2361 337 2383 L.
372 2360 412 2383 uel
424 2360 489 2383 filios
498 2361 525 2383 J.
559 2368 640 2388 agros
649 2367 666 2384 ÷
675 2363 717 2383 aut
730 2359 818 2382 domos
832 2359 910 2382 ΗΜΘ

210 2400 262 2424 JO.
296 2402 413 2427 propter
434 2407 538 2422 nomen
560 2407 670 2422 meum:
701 2402 801 2430 propter
823 2406 862 2422 me
886 2401 910 2421 et

212 2443 312 2470 propter
330 2438 485 2469 euangelium
504 2438 527 2468 Q
544 2446 574 2461 ex
591 2439 678 2461 lllarco
694 2446 715 2460 x.
732 2445 770 2468 29,
788 2437 817 2468 cf.
833 2437 852 2460 F
865 2437 912 2467 qui

211 2486 267 2501 cum
288 2478 329 2501 Lc.
350 2477 416 2501 xviii.
438 2484 466 2508 29
485 2477 519 2500 sic
539 2477 660 2508 componit
683 2480 784 2508 propter
807 2484 909 2506 regnum

211 2516 334 2540 caelorum
353 2519 377 2539 et
388 2524 477 2539 nomen
494 2523 577 2538 meum
596 2518 620 2538 et
632 2519 730 2545 propter
746 2514 908 2545 euangelium.

211 2555 308 2586 accipet
319 2555 355 2583 L;
380 2562 396 2579 ψ
406 2555 445 2578 hic
464 2555 494 2577 R.
528 2558 636 2577 eternam
649 2554 688 2577 W.
723 2553 867 2585 possedebit
879 2553 908 2579 L,

211 2594 369 2625 possidebunt
382 2594 411 2617 F.

245 2639 284 2661 50.
299 2634 384 2655 Multi
393 2633 477 2656 littera
487 2632 580 2655 maiore
589 2632 609 2654 L
618 2631 653 2654 ad
660 2631 766 2654 l'nz'lz'um
772 2631 907 2661 pericopae.

1018 1934 1127 1954 autem:
1154 1930 1219 1953 enim
1240 1929 1277 1953 O*
1301 1929 1374 1959 (sorr.
1401 1928 1464 1959 0³²).
1504 1937 1549 1952 om.
1574 1932 1657 1952 erunt
1681 1929 1717 1952 M.

1021 1974 1047 1996 >
1057 1969 1183 1993 nouissimi
1196 1968 1269 2000 primi
1282 1972 1306 1991 et
1319 1967 1390 1999 primi
1403 1968 1531 1991 nouissimi
1545 1968 1574 1991 R.

1051 2009 1107 2032 XX.
1122 2015 1142 2032 1.
1167 2016 1213 2032 om.
1238 2010 1314 2031 enim
1337 2006 1711 2038 CE.JLQRX*(÷s0rr.)Z*(÷

1018 2047 1056 2077 2⁴)
1070 2055 1108 2077 vg.
1122 2055 1176 2070 cum
1190 2047 1203 2069 h
1214 2055 1225 2069 c
1236 2054 1248 2069 e
1253 2046 1288 2077 ffi
1298 2054 1332 2076 gl.
1342 2062 1350 2074 2
1361 2046 1403 2069 sed
1415 2046 1485 2068 addit
1501 2045 1565 2069 enim
1578 2045 1626 2068 cod.
1638 2045 1718 2076 caraf

1018 2085 1126 2109 celorum
1139 2085 1179 2108 W.
1215 2084 1390 2116 patrifamilias
1406 2084 1449 2107 JY
1462 2092 1509 2114 vg„
1528 2084 1590 2114 patri
1608 2083 1718 2107 familiae

1017 2124 1053 2148 M.
1088 2125 1139 2148 exit
1151 2124 1182 2147 R.
1218 2124 1363 2155 hoperarios
1375 2123 1404 2147 C.
1440 2131 1543 2146 ueneam
1557 2123 1585 2146 L.

1052 2170 1072 2186 2.
1090 2171 1135 2186 om.
1166 2166 1262 2186 autem
1291 2163 1319 2185 E.
1359 2162 1424 2185 facto
1454 2162 1482 2185 L.
1520 2161 1657 2193 hoperariis
1686 2161 1717 2191 C,

1017 2202 1126 2232 operaris
1139 2202 1166 2230 L,
1181 2202 1307 2232 operarius
1320 2201 1350 2223 R.
1385 2200 1486 2223 danai-io
1500 2200 1531 2229 T,
1547 2200 1642 2223 dinario
1658 2199 1717 2223 XZ*

1019 2243 1091 2270 (corr.
1115 2240 1163 2271 Z4).
1204 2241 1290 2264 dierno
1315 2241 1344 2268 L,
1374 2239 1466 2263 deurno
1490 2239 1519 2262 R.
1563 2240 1661 2262 ueniam
1686 2239 1716 2268 E,

1016 2279 1109 2302 niniam
1132 2279 1162 2302 R.
1197 2287 1277 2302 suam
1297 2278 1393 2309 (αὐτοῦ)
1414 2278 1478 2301 codd.
1495 2278 1531 2308 pl.
1552 2281 1575 2301 et
1594 2285 1646 2308 vg:
1670 2285 1716 2301 om.

1017 2318 1095 2341 AFY.

1051 2364 1071 2386 3.
1091 2364 1190 2387 egi-esus
1207 2356 1289 2380 E-PLR.
1327 2363 1395 2378 oram
1415 2354 1469 2378 OT.
1507 2358 1534 2381 >
1546 2354 1639 2378 otiosus
1657 2354 1681 2377 in
1700 2354 1715 2377 f.

1017 2399 1107 2419 stantes
1120 2395 1150 2425 Q.
1185 2395 1297 2418 hotiosos
1309 2395 1337 2422 C,
1352 2394 1450 2417 ociosos
1462 2393 1502 2416 W.

1049 2441 1071 2463 4.
1092 2433 1193 2460 >dixit
1216 2433 1266 2456 illis
1290 2432 1368 2455 QPOR
1391 2440 1429 2462 vg.
1478 2435 1538 2458 >et
1561 2440 1605 2455 uos
1628 2432 1661 2456 ite
1684 2432 1716 2462 Q.

1016 2474 1129 2496 ujueam
1148 2472 1202 2495 sine
1219 2472 1296 2495 addit.
1319 2469 1373 2501 (τὸν
1390 2470 1520 2499 ἀμπελῶνα
1541 2471 1587 2493 BD
1608 2474 1631 2494 el
1650 2471 1714 2494 codd.

1016 2511 1102 2542 multi)
1116 2509 1447 2540 A(s2's)BEFKMVXY232÷2
1460 2518 1465 2533 ε
1491 2515 1508 2533 4
1517 2517 1597 2533 meam
1610 2509 1715 2533 (ῙΞΡΗΘ

1015 2550 1221 2580 JLM‘OQRTW
1234 2549 1281 2572 [od.
1295 2549 1373 2580 caras.
1387 2547 1470 2574 52(OE
1505 2549 1570 2572 dauo
1582 2548 1627 2572 O*.

1050 2596 1071 2619 5.
1091 2589 1134 2612 ille
1151 2589 1184 2611 ad
1200 2588 1258 2611 init.
1274 2588 1308 2611 H.
1343 2596 1388 2611 om.
1406 2590 1500 2610 autem
1517 2595 1559 2611 sec.
1574 2588 1605 2610 R.
1639 2586 1715 2610 exiuit

1017 2629 1057 2658 O;
1086 2628 1148 2651 abiit
1172 2628 1201 2651 E.
1236 2628 1328 2651 circam
1351 2627 1380 2651 E.
1416 2634 1484 2650 oram
1507 2627 1537 2650 T.
1572 2634 1662 2649 nouam
1685 2626 1713 2649 L.

1518 2674 1540 2696 R
