2209 3147
607 261 675 288 DE
695 260 974 289 HIERONFMJ
996 260 1247 289 CODICIBUS
1274 259 1483 288 GRAECIS.
1734 263 1794 299 657

341 615 435 646 PARS
464 615 508 645 II.
559 614 614 645 DE
646 621 786 645 1NDoLE
819 621 985 645 comcum
1016 614 1252 645 GRAECORUM
1281 621 1328 645 ΑΒ
1359 615 1593 646 HIERONYMO
1622 622 1796 647 USITATo-

425 674 505 698 RUM
532 673 580 697 Ex
610 673 713 697 Loc1s
742 673 781 696 IN
811 672 1103 697 comiENTARns
1127 673 1285 697 ADLATIS
1314 674 1359 696 ET
1384 674 1548 698 IPSARUM
1579 674 1795 699 LECTIONUM

424 725 663 749 TESTIMONIO.

340 827 404 857 Hic
428 833 463 858 ut
487 832 618 858 constat
642 832 770 867 partem
791 827 898 867 operis
923 826 1024 856 nostri
1045 826 1259 857 difficiliorem
1281 827 1511 867 adg1·edimur;
1539 833 1687 859 auctores
1711 828 1797 859 enim

293 878 360 909 fere
383 879 425 909 ad
449 879 614 910 saeculum
639 884 715 918 post
738 879 903 909 Christum
929 878 1093 909 decimum
1117 884 1249 909 sextum
1274 879 1359 910 inter
1381 880 1511 910 codices
1533 890 1552 910 a
1576 891 1610 910 se
1631 880 1798 911 adhibitos

293 940 366 961 raro
388 931 645 971 distinguebant,
668 941 727 961 nec
747 930 943 961 conlationis
968 936 1146 970 perpetuae
1168 941 1279 961 curam
1304 931 1479 962 habebant.
1527 932 1696 963 Precariae
1720 942 1797 972 ergo

292 987 366 1012 sunt
398 987 430 1012 et
461 983 646 1022 probabiles
681 982 906 1013 conclusiones
942 982 1045 1021 magis
1080 992 1180 1022 quam
1213 988 1341 1020 certae3
1382 984 1439 1014 sed
1474 994 1548 1014 cum
1584 994 1626 1014 ex
1661 984 1798 1014 diuersis

293 1034 479 1073 regionibus
504 1035 535 1064 in
560 1035 699 1065 eundem
724 1033 821 1064 finem
846 1034 981 1064 tendant
1008 1044 1082 1064 uere
1106 1034 1294 1074 probabiles
1318 1035 1381 1065 dici
1406 1041 1553 1075 possunt.

337 1086 504 1125 Imprimis
536 1087 633 1127 igitur
667 1086 755 1117 locos
790 1085 1054 1116 examinabimus
1088 1096 1170 1126 quos
1205 1087 1236 1116 in
1268 1087 1360 1117 libris
1393 1088 1534 1127 propriis
1570 1087 1797 1127 Hieronymus

293 1138 454 1175 tractauit,
479 1149 561 1178 quos
585 1139 714 1168 duabus
738 1137 859 1168 tabulis
885 1137 1093 1169 exhibemus.

337 1206 361 1235 I.
401 1206 530 1236 Tabula
569 1207 674 1246 prima
709 1206 853 1237 continet
888 1211 1016 1245 septem
1050 1205 1141 1236 locos
1180 1217 1222 1236 ex
1259 1207 1503 1237 commentariis
1539 1208 1571 1238 in
1608 1207 1795 1238 Mattheum

291 1255 380 1298 (A.D.
414 1257 489 1299 398)
525 1258 581 1297 qui
616 1268 729 1288 omnes
765 1258 925 1288 exhibent
962 1258 1119 1288 lectiones
1155 1257 1196 1287 ab
1230 1258 1441 1298 Hieronymo
1475 1259 1525 1290 uel
1559 1265 1713 1300 acceptas
1745 1259 1796 1289 uel

291 1309 409 1340 citatas
432 1319 516 1350 quae
540 1320 615 1340 cum
642 1310 800 1340 Sinaitico
825 1309 880 1350 (R)
904 1310 1113 1340 concordant.

336 1378 379 1408 ΙΙ.
412 1378 540 1409 Tabula
572 1379 715 1409 secunda
747 1379 893 1409 continet
924 1377 1014 1409 locos
1045 1379 1238 1418 praecipuos
1270 1390 1312 1409 ex
1345 1381 1458 1410 ceteris
1490 1380 1731 1411 commentariis
1764 1386 1796 1411 et

290 1431 493 1461 tractatibus.

336 1482 465 1512 Deinde
493 1483 534 1513 ad
568 1483 674 1522 ipsum
707 1482 965 1522 Euangeliorum
997 1487 1128 1513 textum
1161 1483 1295 1523 propius
1327 1484 1538 1514 scrutandum
1569 1484 1797 1524 progredimur

290 1544 389 1574 quem
413 1534 619 1574 quadruplici
645 1535 745 1565 modo
769 1539 949 1565 tractamus
974 1539 1009 1564 ut
1033 1534 1179 1574 sequitur
1199 1535 1302 1575 (tabb.
1325 1534 1478 1576 Illfflvl).

336 1602 398 1633 III.
432 1603 562 1634 Tabula
590 1603 685 1634 tertia
713 1603 850 1633 exhibet
876 1602 1033 1633 lectiones
1061 1613 1142 1643 quas
1170 1608 1202 1633 et
1229 1610 1342 1634 contra
1369 1604 1513 1635 Graecos
1541 1605 1670 1636 codices
1697 1605 1795 1636 hodie

292 1660 388 1685 notos
412 1660 445 1685 et
470 1655 607 1685 Latinos
632 1659 767 1692 ueteres,
791 1654 969 1693 euangeliis
993 1654 1101 1684 intulit
1128 1655 1363 1695 Hieronymus.

336 1724 393 1754 IV.
419 1723 546 1763 Quarta
569 1724 718 1754 similiter
743 1723 898 1754 lectiones
923 1728 1034 1754 contra
1064 1723 1208 1754 Graecos
1238 1724 1336 1755 hodie
1365 1730 1461 1755 notos
1491 1735 1572 1765 quas
1603 1736 1677 1756 cum
1706 1730 1795 1756 uete-

291 1776 378 1806 ribus
403 1776 531 1806 Latinis
555 1776 707 1806 omnibus
732 1775 783 1806 uel
807 1775 1005 1814 quibusdam
1031 1776 1061 1805 in
1086 1780 1181 1806 textu
1206 1786 1336 1807 manere
1360 1777 1507 1816 permisit
1533 1778 1770 1818 Hieronymus.

334 1844 376 1874 V.
402 1843 528 1884 Quinta
552 1843 689 1874 exhibet
715 1844 931 1874 correctiones
959 1853 1034 1873 cum
1062 1844 1258 1875 auctoritate
1288 1844 1412 1875 Graeca
1436 1845 1539 1876 factas
1567 1856 1647 1885 quas
1674 1847 1793 1877 Hiero-

290 1906 410 1936 nymus
435 1900 549 1926 contra
573 1900 699 1926 ueteres
724 1895 861 1926 Latinos
885 1896 993 1925 textui
1017 1896 1137 1926 intulit.

333 1963 392 1994 VI.
432 1963 537 1995 Sexta
572 1963 727 1994 lectiones
763 1964 905 1994 continet
940 1974 1024 2003 quae
1058 1964 1287 1995 auctoritatem
1322 1965 1442 2005 partim
1479 1965 1639 1997 Graecam
1674 1967 1793 2007 partim

291 2015 445 2046 Latinam
469 2015 601 2051 habent,
623 2026 704 2055 quas
730 2016 761 2045 in
785 2015 904 2046 classes
928 2021 993 2046 tres
1018 2016 1206 2046 diuidimus.
1254 2016 1455 2048 Obseruabit
1476 2017 1578 2048 lector
1597 2018 1655 2049 has
1675 2019 1794 2050 classes

291 2068 427 2098 modum
460 2068 620 2107 triplicem
651 2067 808 2097 exhibere
839 2077 905 2107 quo
933 2068 1089 2098 aduersus
1121 2073 1251 2099 textum
1286 2068 1477 2100 Brixianum
1510 2068 1565 2110 (f)
1596 2081 1631 2100 se
1658 2071 1793 2110 gesserit

290 2119 523 2159 Hieronymus,

398 2178 435 2221 (i)
466 2179 520 2210 ubi
553 2179 711 2210 lectiones
742 2179 834 2210 nobis
863 2190 905 2210 ex
933 2179 1028 2210 codd.
1057 2178 1144 2210 &BL
1172 2185 1266 2210 notas
1294 2185 1408 2211 contra
1429 2181 1460 2220 f
1485 2186 1518 2211 et
1546 2181 1690 2213 Graecos
1716 2193 1791 2222 pos-

529 2232 664 2262 teriores
706 2232 875 2271 sequitur3
915 2242 999 2271 quae
1039 2232 1223 2262 maximum
1263 2232 1360 2272 longe
1399 2243 1442 2262 ex
1479 2233 1583 2263 tribus
1622 2244 1792 2265 numerum

529 2284 698 2322 continet;

390 2343 436 2384 (ii)
469 2344 523 2374 ubi
549 2344 691 2375 Graecos
715 2346 912 2385 posteriores
937 2350 968 2375 et
984 2346 1014 2384 f
1031 2346 1122 2385 sequi
1147 2345 1296 2383 uidetur3

377 2403 437 2445 (iii)
469 2404 523 2434 ubi
549 2404 691 2435 Graecos
715 2405 912 2444 posteriores
936 2410 1049 2436 contra
1074 2405 1227 2436 lectiones
1253 2404 1340 2436 &BL
1365 2411 1396 2435 et
1411 2406 1442 2445 f
1460 2407 1615 2445 sequitur.

335 2471 536 2502 Obseruabit
558 2473 657 2503 etiam
682 2472 783 2503 lector
800 2473 929 2504 tabulas
951 2474 1083 2504 tertiam
1108 2478 1140 2504 et
1165 2477 1316 2513 quartam
1341 2474 1449 2503 uocari
1469 2485 1566 2514 posse
1586 2476 1793 2507 correctiones

288 2528 399 2554 contra
419 2524 588 2562 Graecum,
606 2525 755 2564 quintam
778 2530 810 2555 et
834 2531 964 2556 sextam
986 2526 1191 2556 correctiones
1205 2534 1276 2555 cum
1301 2524 1426 2563 Graeco,
1444 2525 1495 2556 ie.
1513 2531 1627 2557 contra
1648 2527 1790 2559 Graecos

289 2574 387 2605 hodie
412 2581 508 2606 notos
531 2581 588 2606 aut
611 2586 686 2606 curn
713 2576 845 2607 Graecis
870 2577 1023 2608 omnibus
1048 2577 1100 2608 uel
1124 2577 1321 2617 quibusdam
1348 2577 1412 2607 iam
1435 2579 1648 2618 extantibus;
1675 2590 1789 2611 ornnes

291 2627 375 2657 enim
402 2637 443 2657 ex
469 2627 592 2667 origine
617 2628 741 2659 Graeca
767 2629 817 2659 uel
843 2629 954 2668 ignota
979 2628 1029 2660 nel
1053 2634 1132 2660 nota
1156 2637 1267 2660 reuera
1292 2628 1426 2660 fluxisse
1450 2630 1619 2662 credimus.
