2209 3147
364 344 468 374 DEPGQ
480 351 537 366 aur.
551 352 568 366 s.

218 484 313 512 XXX.
336 483 402 519 Ego
424 491 487 510 sum
511 482 576 509 uitis
599 491 667 509 uera
689 486 716 509 et

257 535 338 567 pater
363 538 447 557 meus
473 528 599 565 agricola
622 528 645 556 si
670 537 716 555 me

257 576 419 613 dilegeretis
454 574 616 611 gauderetis
650 574 717 611 quia

257 623 333 650 uado
349 622 385 649 ad
401 627 522 659 patrem.

218 809 331 837 XXXI.
354 809 459 837 Ueniet
474 808 545 837 hora
557 813 588 836 ut
600 809 649 845 qui
664 817 717 836 uos

258 856 396 884 occiderit
411 859 491 892 putet
504 864 533 883 se
546 855 717 892 obsequium

257 909 384 940 prestare
395 903 432 930 dc’)
443 907 470 930 et
480 902 621 930 tristitiam
632 902 717 929 habe-

258 950 323 978 bitis
344 949 394 977 sed
409 949 518 977 Iterum
538 949 643 977 uidebo
664 957 718 976 uos

259 1001 287 1024 et
302 996 439 1033 gaudebit
455 1005 506 1024 cor
521 1001 655 1023 uestrum.

220 1603 347 1632 XXXII.
370 1604 408 1632 Et
427 1604 544 1633 eleuatis
565 1605 655 1633 oculis
677 1605 720 1633 ihs

262 1651 346 1679 Pater
372 1651 497 1679 clarifica
523 1651 613 1679 filium
640 1657 720 1679 tuum

262 1698 350 1727 Pater
372 1702 419 1726 sce
446 1707 588 1727 conserua
613 1708 664 1727 eos
686 1699 720 1726 In

261 1746 378 1774 nomine
395 1750 453 1773 tuo.

221 1839 364 1867 XXXIII.
387 1839 425 1867 Et
444 1839 585 1868 duxerunt
606 1839 665 1867 ihm
684 1840 721 1868 ad

264 1887 382 1914 Annam
397 1891 424 1914 et
440 1886 533 1915 caifan
549 1892 576 1915 et
591 1887 628 1915 ad
644 1889 721 1924 pyla-

261 1939 329 1962 tum.

222 2027 380 2055 XXXIIII.
403 2027 448 2055 De
471 2036 557 2055 cruce
583 2028 654 2056 dixit
678 2028 722 2056 ihs

743 258 1005 287 SECUNDUM
1024 257 1134 285 [ΘΗΛ
1142 257 1292 285 NNEM.

932 342 949 363 J
961 341 1101 371 (capitula).

770 481 897 508 XXXII.
921 480 1009 515 Quod
1025 480 1106 508 Iesus
1127 479 1212 507 uinea
1235 479 1269 507 sit

810 534 837 556 et
853 532 934 564 pater
949 527 1075 564 agricola
1089 532 1117 555 et
1138 526 1269 563 discipuli

810 575 891 602 uites.

769 622 806 650 Et
821 622 932 650 amicos
946 630 996 649 eos
1008 625 1095 649 uocat
1110 626 1136 648 et
1153 620 1269 656 diligere

811 669 897 696 iubet.

769 809 913 837 XXXIII.
936 808 994 836 Ubi
1014 808 1082 837 dicit
1097 817 1164 836 curn
1184 817 1271 835 uene-

811 857 844 884 rit
876 856 1037 893 paracletus
1070 855 1186 884 docebit
1218 864 1272 882 uos

811 903 918 931 omnia.

771 950 930 978 XXXIIII.
967 949 1044 978 Dicit
1084 949 1152 986 quia
1192 954 1272 986 pater

812 1003 889 1025 amat
905 997 1063 1034 discipulos
1079 1006 1156 1025 suos.

771 1045 807 1072 Et
830 1045 909 1081 quod
933 1045 1134 1081 dispergantur
1156 1044 1185 1071 in
1207 1052 1271 1080 pas-

813 1092 892 1119 sione
909 1092 978 1119 eius.

772 1138 896 1166 XXXV.
912 1137 970 1166 Ubi
981 1137 1151 1166 honorificat
1160 1143 1272 1174 patrem

813 1190 840 1213 et
862 1194 915 1221 pro
938 1184 1085 1221 discipulis
1110 1184 1168 1212 suis
1190 1189 1272 1220 rogat

812 1237 841 1260 ut
857 1237 1009 1260 conseruet
1025 1240 1075 1260 eos
1092 1240 1108 1259 a
1123 1231 1209 1259 malo.

772 1279 911 1307 XXXVI.
935 1278 994 1307 Ubi
1008 1279 1089 1307 Iesus
1101 1278 1227 1306 introiuit
1243 1277 1272 1305 in

813 1327 943 1361 hortumg
967 1331 994 1354 et
1017 1325 1135 1353 traditur
1156 1325 1185 1365 in
1206 1334 1271 1362 pas-

813 1374 933 1401 sionem.

772 1420 926 1448 XXXVII.
940 1419 998 1447 Ubi
1008 1419 1159 1448 resurrexit
1169 1428 1186 1447 a
1196 1428 1272 1447 mor-

813 1467 882 1501 tuis;
907 1471 933 1494 et
948 1467 1113 1494 nuntiatum
1128 1472 1169 1494 est
1188 1466 1271 1494 disci-

812 1514 886 1550 pulis
901 1514 968 1541 eius.

774 1701 948 1729 XXXVIII.
972 1701 1030 1729 Ubi
1046 1702 1122 1729 uenit
1139 1702 1175 1730 ad
1191 1701 1273 1729 disci-

814 1750 897 1786 pulos
921 1758 988 1777 suos
1011 1754 1038 1776 et
1059 1748 1207 1777 Thomam
1231 1749 1272 1776 in-

815 1801 919 1833 crepat.

775 1884 963 1912 XXXVIIII.
980 1883 1038 1911 Ubi
1049 1884 1130 1911 tertio
1142 1892 1171 1911 se
1181 1883 1273 1911 mani-

816 1932 927 1959 festauit
956 1930 1102 1967 discipulis
1132 1931 1169 1959 ad
1194 1940 1273 1959 mare

815 1978 959 2007 tiberiadis
971 1983 998 2006 et
1010 1978 1197 2006 manducauit
1207 1987 1273 2006 cum

815 2026 876 2054 illis.

253 2121 336 2144 XXX.
354 2126 372 2143 4-
380 2121 422 2143 ubi
431 2120 492 2144 dixit
502 2121 536 2143 ad
543 2121 600 2144 init.
611 2129 628 2144 c.
651 2123 722 2149 agri-

221 2155 353 2177 eola÷est
370 2153 432 2176 CrPG.
467 2153 613 2177 dilexissetis
629 2161 686 2177 aur.
703 2162 721 2177 c.

221 2194 267 2209 om.
290 2187 452 2213 gauderetis
475 2186 547 2217 lapsu
571 2186 603 2210 D.
639 2188 721 2214 quia:

221 2226 338 2249 quomam
350 2226 407 2241 aur.
421 2226 439 2242 c.

254 2251 353 2274 XXXI.
370 2254 494 2278 prestare
504 2253 571 2275 deo:
587 2251 633 2275 deo
643 2252 722 2276 facere

221 2284 276 2307 rell.
311 2287 339 2307 et
352 2283 490 2314 pr.÷dieit
502 2292 519 2306 c.
555 2292 600 2307 om.
618 2286 721 2308 iterum

222 2317 246 2340 G
258 2324 315 2339 aur.
328 2324 347 2339 c.
382 2319 410 2339 et
422 2324 464 2339 sec.
474 2323 490 2339 ψ
500 2316 587 2340 iterum
599 2325 617 2339 c.

212 2350 220 2357 ‘³
254 2349 366 2372 XXXII.
379 2349 515 2372 subleuatis
524 2357 580 2372 aur.
599 2351 688 2373 oeulis
697 2356 714 2374 -μ

222 2382 284 2405 dixit
293 2382 354 2405 EPG.
381 2383 456 2404 iesus
466 2390 471 2405 ;
488 2390 533 2405 om.
545 2382 582 2410 G;
603 2388 619 2405 4-
628 2382 688 2405 dixit
699 2383 721 2413 Q

221 2422 279 2437 aur.
292 2422 309 2437 c.
337 2414 384 2437 inc.
395 2414 512 2437 XXXIII
524 2417 603 2441 pater
615 2417 658 2438 sfie
672 2423 721 2438 non

222 2450 251 2470 et
260 2449 401 2470 duxerunt
411 2447 439 2470 ff
448 2455 453 2475 ;
472 2447 520 2470 inc.
530 2447 632 2470 XXXII
642 2450 726 2475 pater·

222 2481 276 2509 ΒΕΘ,
286 2479 404 2503 XXXIII
414 2483 442 2503 et
452 2482 593 2503 duxerunt
604 2480 626 2510 Q
635 2488 691 2504 azer.
702 2488 720 2503 c.

222 2520 292 2535 serua
305 2512 328 2543 Q
337 2520 392 2536 aur.
403 2520 420 2536 c.
446 2515 496 2536 tuo
505 2519 522 2536 «ι»
531 2512 555 2535 id
567 2516 603 2536 est
615 2512 720 2543 discipu-

221 2545 260 2568 los
273 2544 310 2575 (ψ
319 2545 358 2568 dei
369 2545 392 2576 c)
404 2545 457 2569 rell.

256 2577 380 2600 XXXIII.
398 2581 426 2601 et.
438 2585 480 2601 sec.
490 2584 507 2601 4-
515 2578 547 2601 ad
559 2586 616 2601 aur.
629 2586 647 2601 ι’,

255 2610 396 2633 XXXIIII.
428 2617 445 2634 4-
454 2615 477 2633 et
507 2611 541 2633 ad
568 2611 626 2634 z'm't.
656 2619 721 2639 mm,

230 2650 248 2668 ψ
256 2642 297 2665 ubi
311 2651 327 2665 r.

807 2119 902 2142 subscr.
937 2119 1114 2150 Explicuerunt
1155 2118 1273 2150 capitula-

774 2152 852 2176 tiones
865 2155 919 2175 cata
931 2152 1053 2175 iohannen
1065 2159 1135 2174 amen
1148 2152 1174 2175 J.

1757 263 1818 295 505

1383 340 1406 362 Κ
1415 339 1491 362 Harl.
1507 344 1569 369 2790
1580 339 1662 362 Nam.
1676 340 1764 363 Bamb.

1322 477 1465 506 XXVIII.
1502 477 1561 505 Ubi
1602 487 1704 514 pacem
1741 487 1823 506 suam

1363 524 1511 561 discipulis
1526 524 1647 561 reliquit.

1323 571 1480 599 XXVIIII.
1504 571 1562 599 Ubi
1584 571 1652 600 dicit
1676 581 1732 609 ego
1759 581 1822 600 sum

1363 619 1427 646 uitis
1461 627 1529 646 uera
1564 624 1591 646 et
1624 624 1705 656 pater
1740 628 1822 647 meus

1363 665 1498 702 agricola.

1325 806 1420 833 XXX.
1443 805 1503 834 Ubi
1515 806 1581 834 dicit
1595 806 1648 834 dfis
1660 815 1726 835 cum
1739 816 1825 835 uene-

1366 854 1399 880 rit
1431 853 1593 890 paraclytus
1622 853 1668 881 ille
1698 854 1824 881 testimo-

1366 901 1445 928 nium
1461 900 1599 937 perhibet.

1326 1135 1436 1162 XXXI.
1450 1135 1495 1163 De
1505 1134 1760 1163 commendatione
1771 1135 1826 1164 dis-

1366 1182 1527 1218 cipulorum
1569 1181 1693 1210 clarifica
1736 1182 1825 1210 filiurn

1366 1234 1455 1256 tuum.

1325 1275 1452 1303 XXXII.
1476 1275 1562 1303 Pater
1584 1278 1650 1303 scae
1673 1284 1755 1303 serua
1775 1284 1826 1303 eos

1366 1323 1394 1349 in
1417 1323 1535 1350 nomine
1558 1328 1607 1350 tuo
1630 1331 1704 1359 quos
1724 1322 1826 1350 dedisti

1366 1370 1443 1397 mihi.

1326 1416 1468 1444 XXXIII.
1494 1416 1551 1444 Ubi
1575 1417 1629 1444 dfis
1655 1416 1692 1444 ad
1718 1425 1825 1444 annam

1366 1463 1487 1491 ducitur.

1327 1557 1487 1585 XXXIIII.
1511 1557 1612 1585 Passio
1627 1557 1685 1585 dni.

1326 1650 1452 1679 XXXV.
1486 1650 1545 1678 Ubi
1582 1651 1636 1679 dns
1672 1659 1825 1688 resurgens

1368 1698 1461 1725 ianuis
1485 1697 1588 1726 clausis
1610 1698 1743 1734 apparuit
1769 1698 1825 1726 dis-

1367 1745 1468 1781 cipulis
1491 1745 1558 1772 item
1582 1750 1647 1782 post
1673 1745 1734 1773 dies
1759 1750 1826 1773 octo

1368 1791 1496 1820 similiter
1518 1792 1660 1828 tertioque
1686 1792 1722 1820 ad
1747 1801 1827 1820 mare

1368 1838 1514 1866 tiberiadis
1537 1839 1714 1875 piscantibus
1740 1847 1826 1876 apos-

1368 1886 1432 1914 tolis
1447 1894 1476 1913 se
1491 1886 1605 1922 prebuit
1617 1895 1650 1914 ac
1665 1892 1746 1923 petro
1760 1886 1827 1914 dicit

1367 1942 1452 1969 pasce
1471 1941 1541 1960 oues
1559 1941 1648 1960 meos.

1359 2116 1483 2139 XXVIII.
1503 2116 1618 2147 relinquit
1631 2116 1720 2140 HarL⁰

1359 2149 1440 2172 XXX.
1459 2148 1597 2180 paracletus
1609 2150 1690 2172 Μῖνα.

1358 2182 1455 2205 XXXI.
1474 2181 1713 2205 commendationem
1726 2182 1803 2205 Harl.

1358 2214 1482 2237 XXXIII.
1501 2214 1590 2237 dicitur
1601 2214 1673 2245 lapsu
1686 2214 1711 2237 K
1723 2214 1811 2238 Bamb.

1358 2247 1465 2270 XXXV.
1500 2255 1546 2270 om.
1570 2254 1719 2274 resurgens
1743 2248 1825 2271 Nanc.

1328 2283 1354 2306 >
1366 2279 1495 2310 discipulis
1515 2279 1630 2310 apparuit
1647 2279 1723 2303 ΔΗανί.
1742 2280 1825 2304 Nanc.

1325 2312 1413 2335 Bamb.
1442 2312 1564 2335 tiberifldis
1574 2312 1661 2335 Bamb.
1688 2320 1747 2336 oues
1759 2320 1826 2336 meas

1326 2345 1402 2369 Harl.
1416 2345 1497 2368 Naue.

1358 2378 1456 2401 Subscr.
1491 2378 1624 2409 expliciunt
1658 2379 1766 2410 capitula
1800 2380 1825 2402 in

1325 2410 1455 2441 euangelio
1466 2410 1507 2434 ioh
1517 2411 1541 2433 K
1554 2411 1740 2443 Bamb.(es1gl);
1758 2412 1828 2435 nilzz'l

1325 2443 1415 2466 liabent
1426 2443 1501 2466 Harl.
1515 2443 1595 2467 Navc.
