2258 3157
346 347 459 377 DPeGQ.

151 393 275 421 LXXII.
298 392 344 421 De
359 397 508 430 unguento
523 392 649 420 mulieris

191 449 247 477 que
262 439 388 476 perfudit
403 444 491 476 caput
505 439 564 466 ihu.

150 486 292 515 LXXIII.
314 486 352 514 Et
371 486 438 514 dicit
455 486 498 514 ihs
514 486 550 513 ad
566 486 650 513 disci-

191 533 276 570 pulos
296 542 364 561 suos
385 533 465 570 quod
486 542 562 560 unus
583 542 649 560 eum

191 580 316 608 traderet
343 585 370 608 et
399 580 434 608 de
469 584 651 607 sacramento

191 627 322 663 corporis
358 627 400 654 sui
439 632 466 654 et
501 626 651 663 sanguinis

192 674 267 701 dicit.

151 906 306 935 LXXIIII.
327 907 411 935 Petro
427 906 495 934 diict
511 906 591 943 quod
610 911 652 934 ter

191 954 385 990 abnegaturus
410 958 484 981 esset
507 958 535 981 et
559 953 651 980 oratio

191 1001 239 1028 ihu
265 1000 302 1028 ad
329 1006 448 1037 patrem.
500 999 558 1028 Ubi
584 1009 651 1028 eum

192 1047 308 1075 tradidit
322 1047 404 1075 iudas
420 1052 448 1075 et
457 1053 556 1084 petrus
568 1047 651 1075 tertio

191 1094 349 1131 abneganit
373 1099 400 1121 et
426 1094 589 1122 lacrimatus
609 1099 651 1122 est

192 1146 220 1168 et
229 1141 278 1168 ubi
290 1141 371 1169 iudas
380 1140 486 1177 laqueo
499 1141 651 1177 suspendit

191 1192 219 1215 et
239 1188 274 1215 de
294 1196 364 1224 agro
384 1187 465 1224 figuli
485 1193 513 1216 et
534 1188 569 1216 de
586 1197 650 1225 pas-

192 1235 271 1263 sione
287 1234 336 1262 dfii
351 1234 408 1262 ihu.

148 1847 270 1876 LXXV.
300 1847 345 1876 De
366 1848 574 1876 resurrectione
600 1848 649 1876 dfii

187 1901 216 1923 et
245 1895 281 1923 de
307 1895 451 1924 mandatis
476 1895 537 1923 eius
563 1901 589 1923 et
614 1895 649 1922 de

189 1943 342 1970 babtismo.

672 260 756 289 SEC
762 261 856 289 UND
862 261 934 289 UM
952 262 1019 290 MA
1029 262 1232 290 TTHEHM.

876 348 893 371 J
911 348 1023 377 threues).

704 391 766 419 LX.
796 391 841 419 De
866 393 967 420 decem
991 393 1151 429 uirginibus
1178 399 1205 421 et

744 438 779 466 de
800 439 889 466 tribus
906 440 995 467 seruis
1015 441 1063 477 qui
1084 450 1204 477 accepe-

745 491 809 512 runt
826 485 940 513 talenta.

706 902 784 930 LXI.
814 903 858 931 De
884 903 1002 932 muliere
1026 913 1101 941 quae
1125 905 1207 932 unxit

746 950 835 987 pedes
857 951 911 978 Ihu
957 956 984 979 et
1016 951 1065 978 ubi
1095 951 1207 988 accepit

746 997 834 1025 Iudas
850 998 965 1034 triginta
981 1003 1110 1026 stateres.

705 1043 802 1072 LXII.
826 1044 871 1071 De
892 1044 1081 1073 sacramento
1101 1045 1206 1073 tradito

747 1091 896 1128 discipulis
911 1092 941 1119 in
957 1091 1064 1120 Caena.

705 1851 815 1879 LXIII.
832 1851 876 1880 De
884 1852 1022 1880 Passione
1035 1851 1203 1881 Saluatoris.

705 1898 832 1926 LXIIII.
844 1899 888 1927 De
900 1899 1122 1927 Resurrectione
1133 1899 1202 1927 eius.

180 2134 287 2158 LXXII.
320 2136 359 2158 De
384 2135 485 2158 muliere
513 2143 576 2166 quae
604 2143 647 2159 un-

145 2171 236 2198 guento
250 2167 280 2190 G.

180 2199 316 2223 LXXIIII.
340 2199 379 2223 iiis
396 2204 453 2223 aule
469 2208 534 2224 eum
550 2201 593 2224 sed
607 2209 647 2224 cx*

141 2236 266 2263 punctum
285 2233 316 2255 D.
351 2236 388 2256 ter
404 2241 459 2256 eum
477 2234 534 2256 abu.
552 2234 611 2264 JPQ,
630 2238 646 2257 t.

146 2273 201 2287 eum
214 2273 267 2295 neg.
282 2265 312 2288 G.
351 2269 377 2291 >
388 2265 458 2288 iudas
474 2273 530 2288 eum
548 2266 648 2289 tradidit

147 2297 206 2327 I-PQ.
234 2306 279 2321 om.
298 2299 348 2320 ubi
362 2316 367 2321 .
381 2316 386 2321 .
401 2317 405 2321 .
419 2300 500 2321 iudas
513 2298 543 2321 G.
574 2303 647 2329 negat

148 2348 153 2352 .
166 2349 171 2353 .
183 2349 188 2353 .
200 2330 340 2353 lacrimatur
350 2331 381 2354 G.
416 2332 517 2358 laqueo
527 2337 576 2354 ÷se
589 2331 645 2361 GQ.

146 2371 191 2386 om.
205 2364 255 2385 dii
268 2363 298 2386 G.

180 2395 283 2418 LXXV.
302 2395 344 2418 il‘tu
354 2399 402 2426 pra
414 2397 464 2418 dfii
477 2396 562 2426 {PGQ
588 2396 645 2420 item

733 2133 829 2156 Subscr.
861 2133 1038 2164 Explicuerunt
1061 2133 1200 2164 capitulati-

701 2173 766 2189 ones.
802 2166 954 2189 Emmanuel.
979 2167 1066 2190 Amen.

147 2427 183 2456 ΞΡ,
194 2428 251 2451 item
264 2432 287 2451 et
298 2428 328 2458 Q,
338 2429 443 2458 itemque
455 2428 485 2452 G.
506 2431 645 2452 mandatis
671 2429 673 2441 ¹

154 2465 204 2483 ÷et
219 2460 248 2483 de
267 2461 378 2484 doctrina
393 2461 452 2491 OEPQ.

146 2493 257 2516 doctrina
269 2494 332 2519 tsine
344 2494 386 2520 de)
399 2494 429 2517 G.
459 2502 505 2517 mn.
515 2496 549 2517 de
561 2503 596 2517 sec
608 2495 643 2518 ΞΡ,

180 2526 276 2549 Suhssr.
296 2526 316 2548 F
318 2527 396 2549 iniunt
406 2527 492 2550 breues
504 2535 591 2550 causae
604 2535 644 2550 eu-

146 2558 236 2588 angelii
265 2559 414 2582 saecundum
448 2559 583 2583 mattheum
613 2560 642 2590 Q.

146 2590 254 2621 Explicit
271 2591 415 2622 capitulatio
433 2593 566 2616 secundum
584 2598 644 2616 mat—

146 2623 245 2646 thaeum
258 2623 288 2646 G.

177 2656 258 2678 le'lzz'l
266 2656 355 2679 liabent
367 2657 428 2680 ΒΗ).

488 2462 604 2485 mandata
621 2465 645 2485 et
672 2472 673 2487 ι

1720 271 1760 301 39

1512 348 1548 371 K.

1259 393 1368 421 LXXI.
1392 393 1436 421 De
1449 393 1551 421 decem
1563 393 1722 429 uirginibus
1734 398 1761 420 et

1299 440 1408 468 talenta
1423 440 1513 468 seruis
1528 439 1638 467 tradita.

1259 486 1383 514 LXXII.
1396 486 1441 515 De
1452 487 1652 523 segregatione
1663 486 1762 514 ouium

1300 539 1328 561 et
1342 534 1492 562 hedorum.

1261 580 1401 608 LXXIII.
1435 580 1494 608 Ubi
1523 580 1592 608 dicit
1620 580 1675 607 dfis
1705 579 1761 607 dis-

1301 627 1402 664 cipulis
1432 627 1511 664 quod
1548 627 1659 664 pascha
1695 632 1762 663 post

1301 674 1420 701 biduum
1443 679 1518 702 esset
1536 679 1564 702 et
1584 674 1620 701 de
1641 672 1762 701 muliere

1301 721 1378 757 quod
1430 725 1579 757 unguento
1635 719 1758 756 perfudit

1302 772 1388 804 caput
1423 767 1483 794 ihm
1512 773 1540 795 et
1569 767 1648 804 quod
1680 767 1762 794 iudas

1302 815 1424 850 pretium
1449 814 1560 850 petierit
1585 820 1614 841 ut
1639 813 1761 841 traderet

1303 861 1485 889 saluatorem.

1261 1001 1418 1029 LXXIIII.
1440 1001 1498 1028 Ubi
1516 1001 1596 1028 iussit
1613 1000 1762 1037 discipulis

1302 1048 1427 1076 saluator
1447 1052 1477 1075 ut
1498 1053 1631 1084 pararent
1652 1047 1760 1084 pascha

1302 1100 1329 1122 et
1357 1095 1392 1122 de
1422 1100 1605 1122 sacramento
1632 1095 1761 1131 corporis

1302 1142 1360 1169 suis
1375 1140 1447 1179 (sse).

1262 1188 1383 1215 LXXV.
1422 1188 1512 1222 Quod
1541 1188 1762 1216 scandalizaturi

1300 1240 1396 1263 essent
1412 1235 1543 1272 discipuli
1560 1235 1589 1262 in
1609 1240 1693 1262 nocte
1716 1235 1761 1262 illa

1302 1287 1329 1309 et
1344 1282 1435 1310 oratio
1451 1282 1499 1309 ihu
1515 1282 1551 1309 ad
1568 1286 1687 1318 patrem.

1261 1328 1399 1356 LXXVI.
1422 1329 1481 1356 Ubi
1507 1329 1575 1356 dicit
1606 1329 1660 1356 dfis
1687 1333 1761 1356 tam-

1301 1385 1389 1412 quam
1406 1376 1442 1403 ad
1453 1376 1593 1403 latronem
1605 1375 1721 1403 uenistis
1732 1381 1763 1402 ut

1300 1423 1489 1458 interrogatur
1502 1423 1525 1449 si
1538 1423 1598 1459 ipse
1612 1427 1687 1450 esset
1697 1425 1761 1458 x1‘3s.

1231 1448 1232 1459 ¹
1260 1469 1415 1496 Lxxvn.
1439 1468 1496 1497 Ubi
1512 1469 1593 1497 iudas
1610 1469 1761 1506 paenitens

1301 1516 1423 1553 pretium
1439 1517 1559 1553 proiecit
1574 1517 1603 1544 in
1620 1516 1741 1553 templo.

1230 1566 1232 1589 l
1260 1563 1429 1591 LXXVIII.
1452 1563 1510 1590 Ubi
1526 1563 1596 1591 latro
1612 1563 1761 1591 dimittitur

1300 1616 1328 1637 et
1344 1610 1485 1637 innocens
1501 1612 1556 1646 xps
1572 1609 1751 1646 crucifigitur.

1230 1639 1232 1699 ἶ
1260 1657 1445 1684 LXXVIIII.
1461 1656 1550 1691 Quod
1562 1657 1662 1694 ioseph
1679 1666 1760 1693 sepe-

1299 1705 1369 1732 lierit
1385 1704 1464 1731 dum.

1259 1751 1382 1778 LXXX.
1406 1750 1520 1787 Corpus
1537 1751 1586 1778 ihu
1601 1751 1760 1778 custoditur

1299 1808 1334 1826 ne
1351 1808 1367 1825 a
1383 1797 1528 1834 discipulis
1544 1797 1665 1825 tollatur.

1257 1851 1395 1879 LXXXI.
1420 1850 1606 1878 Resurrectio
1637 1851 1684 1878 dni
1711 1851 1758 1878 ihu

1298 1904 1325 1926 et
1360 1898 1458 1925 omnia
1494 1897 1631 1925 mandata
1663 1903 1689 1925 et
1723 1898 1758 1925 de

1298 1945 1451 1981 baptismo.

1286 2139 1384 2161 Subscr.
1412 2139 1556 2169 Expliciunt
1586 2138 1696 2169 capitula
1731 2139 1755 2162 in

1252 2172 1399 2195 mattheum.
