2258 3157
447 248 486 268 20
925 239 1152 269 CAPITULA
1180 241 1236 270 IN
1257 241 1581 272 EUANGELJUM

692 325 797 349 AUVY.

445 371 481 398 X.
512 371 566 399 Per
595 376 687 400 totam
716 371 869 409 galilaeam
899 372 1047 409 praedicat

485 427 589 447 omnes
605 419 737 447 sanando
752 419 918 456 languores.

443 512 494 540 XI.
517 513 552 540 In
562 517 662 541 monte
678 512 836 550 discipulos
852 513 963 541 docens
980 523 1046 550 sep-

484 564 543 588 tem
555 560 745 588 beatitudines
757 565 785 588 et
797 565 931 589 octauam
948 569 1045 598 perse—

483 606 608 635 cutionis
623 607 753 644 exponit.

443 653 511 681 XII.
533 653 700 691 Discipulos
723 654 765 682 sal
780 660 871 683 terrae
893 660 921 683 et
942 655 1043 683 mundi

483 701 582 729 lumen
625 701 774 738 appellans
824 702 965 739 praecipit
1014 703 1044 730 in

483 747 638 785 splendore
660 758 783 786 operum
804 754 917 786 patrem
932 749 1041 786 glorifi-

482 795 619 824 candum.

442 842 525 870 XIII.
548 842 596 870 Ob
612 842 791 879 implendam
811 843 906 880 legem
925 844 1041 871 uenisse

482 898 512 917 se
528 889 628 918 dicens
644 889 864 927 pharisaeorum
880 890 966 919 docet
982 891 1041 918 ius-

481 936 573 964 titiam
609 937 815 974 superandam,
856 942 883 966 et
919 937 1040 966 homici-

481 983 561 1012 dium
591 984 655 1021 lege
684 989 786 1013 uetans
819 985 907 1012 etiam
935 993 1042 1013 munus

481 1031 663 1059 offerendum
677 1031 773 1061 fratris
795 1032 876 1060 iubet
890 1032 1041 1060 reconcili-

481 1079 577 1106 atione
593 1078 710 1107 differri.

440 1125 539 1153 XIIII.
561 1125 812 1154 Consentiendum
830 1127 860 1154 in
875 1126 922 1154 uia
938 1126 1041 1154 aduer-

481 1172 566 1207 sario,
590 1182 651 1201 non
679 1173 897 1202 moechandum
923 1173 1040 1207 docens,

480 1220 559 1248 iubet
587 1220 658 1249 uitia
686 1220 732 1248 uel
758 1230 841 1249 caros
870 1221 1040 1248 inemenda-

479 1267 550 1295 biles
567 1268 621 1296 sub
635 1268 755 1296 nomine
771 1268 847 1296 oculi
862 1267 907 1296 uel
924 1267 1040 1296 dextrae

479 1314 703 1343 scandalizantis
719 1315 840 1343 abscidi.

438 1361 505 1389 XV.
528 1361 618 1396 Quod
643 1362 755 1389 adulter
785 1362 821 1390 sit
844 1363 892 1399 qui
918 1371 1039 1390 uxorem

478 1414 602 1446 excepta
623 1408 820 1437 fornicationis
841 1418 929 1437 causa
947 1409 1038 1437 demi-

480 1456 564 1484 serit:
603 1455 763 1492 prohibens
798 1456 886 1485 etiam
917 1456 1038 1484 omnino

478 1503 581 1537 iurare,
603 1502 688 1531 docet
711 1513 766 1531 nec
788 1503 961 1540 percutienti
983 1513 1036 1531 nec

478 1549 635 1586 expolianti
657 1559 712 1578 nec
735 1551 897 1587 angarianti
920 1559 973 1578 nec
989 1560 1037 1587 pe-

477 1597 548 1625 tenti
563 1596 609 1625 uel
625 1602 757 1626 mutuare
768 1597 877 1626 uolenti
892 1597 1035 1626 resistere.

436 1778 518 1807 XVI.
540 1779 709 1807 Amandum
724 1779 889 1816 proximum
911 1779 974 1817 lege
990 1780 1037 1807 fir-

476 1835 561 1854 mans
599 1827 687 1854 etiam
724 1827 859 1855 inimicos
895 1827 1036 1864 praecipit

476 1873 648 1910 diligendos.

435 1921 532 1949 XVII.
548 1921 757 1958 Elemosynam
768 1921 852 1949 docet
869 1921 898 1949 in
911 1922 1035 1949 abscon-

475 1968 536 1997 dito
572 1968 745 2002 faciendam,
790 1977 879 2005 quam
922 1968 1036 1996 sinistra

475 2015 590 2049 nesciat,
608 2015 637 2042 id
652 2019 695 2043 est
712 2015 851 2052 appetitio
871 2015 965 2044 laudis
981 2015 1034 2043 hu-

475 2071 588 2090 manae.

433 2109 546 2137 XVIII.
570 2109 719 2137 Orationis
742 2109 898 2137 formulam
921 2109 951 2137 in
971 2118 1035 2146 sep-

473 2161 532 2184 tem
555 2157 742 2193 petitionibus
765 2157 882 2184 tradens
906 2157 944 2184 ait
967 2166 1035 2194 pec-

473 2208 537 2231 cata
553 2204 606 2231 nisi
619 2204 827 2231 dimittentibus
844 2213 903 2232 non
920 2204 1032 2232 dimitti.

433 2250 513 2277 XIX.
538 2250 631 2278 Docet
648 2251 708 2278 sine
721 2251 834 2278 tristitia
846 2250 1033 2278 ieiunandum

473 2306 527 2325 nec
543 2297 798 2325 thesaurizandum
813 2297 843 2324 in
859 2303 943 2325 terra.

433 2344 498 2372 XX.
523 2344 687 2372 Lucernam
703 2344 832 2380 corporis
848 2344 966 2372 oculum
982 2354 1034 2382 ap-

473 2391 582 2428 pellans
598 2400 651 2418 nec
668 2391 781 2419 duobus
805 2391 931 2419 dominis
947 2401 1033 2428 posse

1312 328 1341 351 C.

1140 373 1178 401 iii.
1200 373 1237 401 Et
1272 374 1445 402 circumiens
1474 373 1546 411 gali-

1220 421 1295 449 leam
1313 421 1410 449 uarios
1425 421 1545 458 languo-

1220 477 1265 496 res
1274 468 1426 496 hominum
1438 473 1527 497 curat.

1098 516 1183 543 1111.
1199 517 1379 544 Beatitudo
1388 519 1423 544 et
1433 519 1546 545 cetera

1234 565 1401 592 mandata.
1427 565 1470 592 Id
1484 566 1543 597 est,

1137 938 1162 965 ii.
1186 937 1231 966 De
1247 938 1413 967 homicidio.

1125 985 1161 1012 iii.
1183 984 1228 1013 De
1244 985 1420 1014 hoblatione.

1113 1363 1160 1391 iiii.
1183 1363 1227 1391 De
1259 1363 1364 1392 hoculo
1395 1370 1422 1392 et
1451 1374 1539 1393 manu

1214 1410 1370 1438 heruenda.

1131 1467 1154 1485 ν.
1177 1457 1222 1485 De
1237 1457 1386 1487 adulterio.

1119 1545 1152 1573 vi.
1176 1545 1331 1573 Huxorem
1357 1546 1410 1573 nisi
1431 1546 1490 1575 hob
1508 1556 1538 1575 a-

1199 1593 1352 1621 dulterium
1368 1602 1428 1621 non
1444 1594 1540 1622 dimit-

1198 1640 1325 1668 tendam.

1110 1687 1155 1715 vii.
1179 1687 1224 1716 De
1238 1688 1414 1716 iuramentis.

1099 1734 1153 1762 viii.
1176 1734 1221 1763 De
1237 1735 1343 1763 hoculo
1359 1741 1386 1763 et
1402 1735 1496 1764 dente.

1089 1781 1153 1810 viiii.
1177 1782 1315 1810 Inimicos
1331 1782 1504 1819 diligendos.

1127 1934 1153 1952 x.
1176 1923 1220 1951 De
1236 1923 1442 1961 helemosynis.

1088 2114 1128 2141 V.
1159 2114 1208 2141 De
1244 2114 1420 2141 horatione
1455 2121 1536 2147 quo-

1187 2159 1286 2186 modo
1305 2159 1454 2187 horetur.

1128 2258 1144 2286 i.
1167 2257 1212 2285 De
1228 2257 1354 2294 geiunio.

1118 2305 1143 2332 ii.
1168 2304 1212 2332 De
1228 2304 1362 2332 thesauro
1373 2305 1401 2332 in
1414 2305 1534 2333 caelum.

1108 2353 1144 2380 iii.
1167 2351 1330 2379 Lucernam
1345 2352 1475 2388 corporis
1490 2362 1534 2381 es-

1209 2407 1238 2426 se
1254 2398 1398 2426 hoculum.

464 2501 524 2524 XII.
543 2502 667 2532 praecepit
685 2503 768 2525 leom.

463 2534 536 2557 XIII.
556 2535 644 2557 uetatis
661 2535 746 2558 Tlrom.

464 2566 553 2589 XIIII.
573 2569 635 2590 uia:
655 2568 690 2590 im
704 2568 733 2590 U.

463 2599 520 2622 XV.
538 2599 642 2622 mutuari
660 2600 744 2623 Tlmm.

1120 2503 1182 2527 IIII.
1200 2511 1222 2526 v.
1233 2503 1263 2526 de
1274 2502 1313 2526 ad.
1327 2507 1384 2526 ante

1196 2536 1228 2559 iv.
1247 2536 1277 2558 de
1289 2535 1369 2559 oculo.

1120 2569 1150 2592 V.
1171 2572 1231 2598 (non
1249 2568 1294 2592 IV.
1313 2569 1347 2593 X.)
1373 2569 1412 2592 De
1429 2568 1533 2593 eleemo-

1087 2602 1160 2632 synis.
1192 2600 1433 2625 Oratio.1einnium.
1498 2602 1533 2626 iii.

1087 2635 1186 2658 oculum
1196 2641 1213 2658 4-
1223 2637 1253 2657 et.

1649 325 1767 351 BHoJT
1779 335 1836 352 aur.
1848 328 1925 352 Harl.
1940 333 2010 359 2797.

1601 513 1672 541 IIII.
1694 513 1740 542 De
1761 514 1937 543 beatitudine
1962 520 1990 544 et
2014 515 2051 544 de

1641 562 1743 589 ceteris
1758 561 1912 590 mandatis.

1592 2111 1627 2138 V.
1650 2110 1819 2140 Orationem
1831 2111 1918 2140 docet
1929 2116 1957 2140 et
1970 2112 2042 2140 inter

1632 2164 1728 2186 cetera
1749 2158 1886 2186 mandata
1901 2168 1961 2187 non
1977 2168 2041 2187 esse

1631 2205 1828 2243 cogitandum·
1842 2205 1879 2234 de
1907 2206 1986 2234 uictu
2011 2211 2041 2234 et

1631 2253 1804 2281 uestimento
1819 2252 1965 2290 praedicit.

1622 2505 1684 2528 1111.
1702 2512 1749 2528 om.
1763 2506 1797 2528 de
1809 2512 1851 2528 ser.
1866 2504 1949 2528 ΒΗΘ.

1622 2537 1653 2561 V.
1671 2537 1798 2569 praedicat
1810 2537 1866 2560 BH.
