2258 3157
631 239 876 269 PROLOGUS
897 239 962 268 EX
989 237 1348 269 COMMENTARIO.
1700 242 1734 262 11

284 455 497 492 INCIPIT
536 453 832 490 PROLOGUS
870 452 1195 499 QUATTUOR
1229 447 1706 487 EUANGELIORUM.

385 522 452 552 EX
477 520 839 553 COMMENTARIO
864 519 898 551 S.
923 519 1206 551 HIERONYMI
1231 519 1282 549 IN
1307 515 1599 548 MATTHEUM.

275 615 396 646 Prologus
411 614 554 638 continetur
564 613 593 637 in
601 613 854 637 ABCEHQKNFTY
863 616 887 636 et
896 613 996 644 partim
1010 613 1038 635 in
1049 613 1082 641 Z;
1096 615 1175 636 exstat
1185 615 1209 635 et
1220 612 1249 634 in
1258 611 1281 635 ς’
1289 611 1395 642 aliisque
1407 609 1555 634 editionibus
1565 608 1680 640 antiquis
1689 615 1701 637 ,¹
1722 610 1746 630 et

372 655 408 679 ad
417 655 474 678 init.
486 655 719 678 commentam'omm
731 655 758 678 S.
770 654 925 684 Hieronymi
936 654 964 677 in
976 654 1119 677 Mattheum
1133 653 1178 683 (ed.
1195 653 1319 677 Uallarsiz·
1334 653 1361 677 T.
1375 652 1439 682 VH).

274 706 349 729 Deest
360 705 389 727 in
401 702 851 734 DZPFGJLMOQ(?>RVWX3L÷25Q[
868 704 893 727 T
890 704 949 726 isch.

275 755 354 777 Inscr.
363 762 374 783 ;
393 753 461 783 (uide
471 756 493 776 et
501 753 537 776 ad
536 753 619 784 finem
628 753 747 783 epistulae
757 753 791 776 ad
799 753 952 780 Damasum)
963 753 1064 780 incipit
1075 753 1209 779 prologus
1221 753 1354 779 quattuor
1362 751 1573 778 euangeliorum
1582 756 1637 772 cum
1647 747 1746 771 ΒΗΘΤ

375 795 477 825 (1111⁰¹'),
488 794 576 825 incipit
592 794 712 825 praefatio
729 794 839 817 eiusdem
858 794 903 816 EY
920 802 986 823 aur„
1004 794 1052 817 inc.
1064 793 1140 824 praef.
1161 793 1285 823 euangelii
1302 792 1435 816 seeundum
1453 790 1591 814 mattheum
1608 789 1673 819 CM,
1685 789 1745 812 item

373 835 493 867 prologus
511 835 545 858 sei
561 835 693 858 hieronimi
705 835 738 864 K,
751 835 822 858 nillil
836 835 907 858 habet
918 835 950 858 A.
984 835 1119 865 Prologum
1132 837 1188 865 post
1204 834 1255 864 Ep.
1267 833 1301 856 ad
1316 834 1458 856 Damasum
1471 835 1573 863 ponunt
1584 831 1668 859 CET;
1685 830 1709 854 ‘'1-
1725 833 1748 853 et

374 876 442 900 editt.
461 876 526 907 pler.
547 876 637 900 habent
657 876 716 899 Alia
744 876 853 900 eiusdem
882 876 1003 907 praefatio
1032 877 1073 905 (ex
1096 875 1220 906 prooemio
1248 874 1482 898 commentariorum
1513 880 1575 904 quos
1599 871 1697 902 scripsit
1722 871 1747 894 in

374 917 546 947 matthaeum).

336 992 449 1023 Plures
465 993 563 1023 fuisse
579 993 635 1032 qui
652 992 825 1032 euangelia
841 993 1050 1033 scripserunt,
1068 997 1100 1023 et
1117 992 1224 1022 Lucas
1248 990 1451 1031 euangelista
1471 993 1612 1020 testatur
1635 988 1747 1018 dicens

249 1044 417 1085 Quoniam
434 1045 569 1084 quidem
586 1044 681 1074 multi
698 1045 809 1075 conati
834 1050 909 1075 sunt
933 1045 1087 1075 ordinare
1110 1044 1334 1073 narrationem
1358 1052 1465 1072 rerum
1488 1051 1574 1080 quae
1597 1040 1628 1070 in
1652 1039 1747 1069 nobis

248 1096 422 1136 conpletae
438 1101 513 1126 sunt
529 1096 613 1127 sicut
633 1097 838 1127 tradiderunt
858 1097 954 1126 nobis
977 1096 1033 1136 qui
1057 1096 1099 1126 ab
1123 1095 1216 1125 initio
1241 1095 1302 1135 ipsi
1326 1094 1482 1124 uiderunt
1505 1102 1689 1123 sermonem
1715 1095 1748 1121 et

249 1149 517 1179 ministrauerunt
537 1148 574 1184 ei,
592 1153 625 1178 et
641 1149 885 1188 perseuerantia
901 1158 1004 1187 usque
1025 1148 1067 1178 ad
1089 1157 1242 1187 praesens
1262 1151 1394 1185 tempus
1411 1149 1624 1175 monumenta
1641 1143 1748 1174 decla-

247 1205 330 1237 rant,
354 1210 439 1239 quae
456 1211 475 1230 a
492 1200 630 1230 diuersis
653 1200 843 1230 auctoribus
868 1200 958 1230 edita
982 1199 1186 1230 diuersarum
1210 1198 1374 1228 heresium
1398 1197 1485 1227 fuere
1508 1195 1688 1236 principia:
1712 1199 1749 1225 ut
1764 1207 1778 1231 5

250 1256 300 1282 est
316 1251 396 1282 illud
414 1252 509 1282 iuxta
525 1251 717 1291 Aegyptios
741 1257 773 1282 et
789 1252 943 1282 Thoman
966 1256 999 1282 et
1022 1250 1190 1281 Matthian
1213 1255 1245 1280 et
1270 1249 1553 1285 Bartholomeum‚
1574 1246 1749 1278 duodecim

247 1313 380 1343 quoque
396 1303 632 1343 apostolorum,
652 1309 685 1334 et
704 1303 858 1334 Basilidis
880 1308 981 1343 atque
1003 1303 1144 1342 Apellis,
1168 1313 1207 1333 ac
1230 1301 1429 1341 reliquorum
1453 1310 1536 1340 quos
1560 1309 1750 1330 enumerare

247 1355 476 1395 longissimum
501 1360 560 1391 est,
578 1365 652 1386 curn
676 1354 740 1385 hoc
759 1359 888 1385 tantum
909 1355 941 1384 in
965 1354 1224 1395 praesentiarum
1246 1363 1377 1384 necesse
1400 1353 1442 1383 sit
1466 1352 1584 1388 dicere,
1601 1351 1750 1381 extitisse

249 1407 412 1446 quosdam
430 1407 485 1446 qui
502 1406 572 1437 sine
588 1407 704 1447 spiritu
728 1411 760 1437 et
785 1407 892 1447 gratia
912 1407 964 1437 dei
989 1407 1099 1437 conati
1123 1411 1200 1436 sunt
1225 1406 1330 1446 magis
1353 1405 1503 1435 ordinare
1527 1403 1749 1434 narrationem

248 1468 350 1498 quam
366 1458 523 1489 historiae
539 1464 653 1489 texere
670 1458 855 1489 ueritatem.
901 1458 1030 1498 Quibus
1048 1458 1116 1488 iure
1130 1463 1240 1498 potest
1259 1457 1338 1488 illud
1356 1456 1586 1497 propheticum
1603 1454 1751 1494 coaptari
1768 1463 1798 1479 10

251 1510 326 1541 Uae
342 1510 399 1550 qui
415 1510 615 1550 prophetant
632 1511 673 1541 de
695 1511 794 1541 corde
813 1521 883 1547 suo,
904 1510 960 1550 qui
981 1509 1156 1540 ambulant
1176 1514 1252 1550 post
1269 1509 1421 1550 spiritum
1439 1518 1544 1543 suum,
1563 1507 1618 1547 qui
1639 1507 1752 1537 dicunt

251 1562 344 1592 Dicit
367 1562 530 1599 dominus,
555 1567 588 1593 et
611 1563 764 1593 dominus
788 1572 854 1592 non
878 1562 967 1592 misit
991 1572 1056 1593 eos.
1105 1562 1156 1592 De
1183 1562 1303 1601 quibus
1320 1566 1352 1591 et
1369 1560 1514 1591 saluator
1531 1560 1562 1589 in
1579 1557 1751 1598 euangelio

254 1614 411 1644 Iohannis
428 1613 573 1654 loquitur
590 1614 715 1645 Omnes
735 1614 791 1653 qui
807 1619 883 1645 ante
906 1624 958 1644 me
983 1618 1142 1644 uenerunt
1165 1614 1251 1644 sures
1275 1614 1406 1643 fuerunt
1428 1617 1461 1642 et
1485 1611 1638 1642 latrones.
1685 1609 1752 1649 Qui

253 1671 422 1702 uenerunt,
439 1676 505 1696 non
525 1666 580 1705 qui
605 1666 694 1696 missi
716 1670 800 1696 sunt.
847 1666 924 1705 Ipse
947 1666 1034 1696 enim
1059 1666 1104 1696 ait
1122 1666 1322 1700 Ueniebant‚
1346 1669 1378 1695 et
1403 1674 1465 1704 ego
1489 1673 1555 1693 non
1578 1662 1752 1692 mittebam

252 1727 319 1747 eos.

367 1717 405 1747 In
430 1718 635 1748 uenientibus
658 1717 861 1757 praesumtio
885 1718 1092 1753 temeritatis,
1118 1718 1149 1747 in
1175 1717 1280 1748 missis
1304 1716 1499 1756 obsequium
1524 1714 1671 1745 ueritatis
1695 1716 1752 1744 est.

288 1868 309 1884 1.
327 1861 472 1892 aenangelia
494 1862 522 1885 E.
574 1861 720 1885 scribserunt
743 1862 798 1890 EV,
822 1863 956 1886 conscribs-

253 1908 310 1924 aur.
345 1908 391 1923 om.
405 1903 433 1923 et
445 1900 475 1924 ς.
509 1900 656 1924 euanzelista
669 1901 703 1930 K,
716 1901 896 1931 aeuangelistae
910 1901 938 1924 E.

289 1947 310 1962 2.
331 1942 358 1965 >
378 1938 450 1962 multi
466 1939 566 1970 quidem
585 1939 644 1964 ΗΘ.
684 1940 902 1971 multi÷quidem
927 1940 957 1963 T.

253 1978 354 2009 quonati
367 1978 396 2002 C.
431 1986 477 2009 que
490 1978 518 2002 C.

289 2024 310 2046 3.
329 2018 476 2044 conpletae
488 2017 553 2040 codd.
562 2017 632 2048 plur.
644 2025 650 2041 ε
674 2017 767 2048 compl-
778 2017 856 2040 AHY
866 2017 921 2047 fite)
936 2017 959 2041 θ’

253 2056 328 2079 Hier.

289 2105 313 2127 4.
331 2098 510 2128 perseuerentia
525 2097 556 2121 Y.
591 2105 668 2128 usque
686 2098 709 2120 in
722 2098 751 2121 ς’.
786 2105 884 2128 presens
901 2106 957 2121 aur.

258 2137 411 2160 monimenta
423 2136 445 2160 ‘a‘
457 2137 531 2160 Hier.

290 2182 313 2205 5.
330 2183 377 2206 que
402 2176 430 2198 E.
480 2176 512 2199 ad
536 2175 639 2199 diuersis
663 2176 693 2199 E.
745 2175 904 2199 ahuetoribus
927 2176 958 2203 C,

256 2214 401 2238 authoribus
410 2214 439 2238 ς’.
466 2214 546 2238 aedita
556 2222 625 2243 aur.;
643 2214 735 2237 editam
744 2214 775 2238 Y.
806 2214 958 2238 diuersorum

257 2261 314 2276 aur.
349 2255 490 2276 heresium
503 2261 558 2276 cum
571 2253 700 2282 ABCEH,
712 2257 735 2276 ct
752 2253 876 2277 hereseurn
891 2262 958 2282 aun,

258 2292 343 2315 haeres
355 2300 411 2316 eum
423 2292 456 2321 Y,
465 2292 592 2315 haeresum
604 2292 633 2320 ς’,
644 2292 755 2315 heresum
768 2292 799 2321 Θ,
813 2300 907 2316 eresum
920 2293 942 2315 T
953 2301 958 2315 :

258 2331 375 2355 hereseon
388 2331 456 2361 KNs,
469 2332 594 2354 haeresewn
604 2331 678 2355 Hier.
712 2332 791 2354 suere
802 2339 807 2355 z
826 2331 916 2355 feruere
928 2332 959 2354 Y.

258 2370 381 2401 principio
394 2370 422 2393 E.
456 2378 502 2394 om.
516 2374 547 2393 ut
560 2370 588 2393 E.

292 2409 316 2433 6.
333 2409 455 2440 aegiptios
468 2410 496 2438 E,
508 2410 615 2440 egiptios
623 2409 653 2433 T.
688 2411 804 2432 thoman
816 2409 878 2433 codd.
888 2410 959 2440 plur.

260 2449 356 2479 (toman
365 2448 398 2475 T)
411 2457 416 2471 z
435 2456 487 2471 -am
498 2448 578 2472 OM&-
587 2449 661 2472 Hier.
686 2448 796 2471 mathian
811 2448 880 2471 ΕΘΤ
889 2456 960 2476 aur.;

260 2488 390 2511 matthiam
403 2487 426 2511 ς’
437 2488 511 2511 Hier.
535 2489 761 2511 bartholomeum
773 2487 836 2510 codd.
845 2488 917 2518 plur.
928 2490 961 2517 (at

261 2528 294 2556 A,
312 2534 464 2558 quamquam
477 2530 608 2557 penarum
626 2527 650 2550 Τ
648 2527 706 2550 iscla.
722 2527 826 2555 —aeum),
843 2530 865 2549 ct
880 2527 961 2549 barto>

262 2566 286 2589 T
297 2575 302 2591 :
332 2566 548 2589 bartholomaeum
572 2574 629 2589 aur.
648 2566 671 2590 5·
687 2566 762 2589 Hier.
798 2567 947 2589 duodecim
958 2574 962 2588 :

262 2611 303 2628 ΧΠ
318 2605 346 2628 Ε.

297 2649 318 2674 7.
337 2652 382 2668 om.
393 2652 503 2672 quoque
514 2645 570 2668 AV.
595 2644 711 2668 basilides
720 2644 791 2667 AEY
799 2652 856 2668 aur.
884 2643 963 2674 adque

1053 1863 1098 1886 CT
1107 1871 1163 1886 aur.
1191 1870 1237 1886 om.
1251 1865 1334 1889 atque
1347 1862 1446 1888 apellis
1456 1860 1485 1883 E.
1510 1859 1599 1890 apellis
1612 1859 1674 1882 codd.
1682 1858 1753 1889 plur.

1054 1903 1126 1933 (app—
1138 1901 1206 1929 ΘΝΓ)
1219 1910 1223 1924 ;
1241 1901 1334 1932 apelles
1344 1900 1391 1923 AY
1401 1908 1459 1923 aur.
1482 1899 1529 1922 hae
1537 1899 1565 1922 C.
1589 1898 1756 1929 relinquorum

1054 1949 1111 1964 aur.
1148 1948 1233 1968 quos:
1252 1947 1356 1971 quorum
1370 1939 1399 1963 T.
1434 1939 1592 1962 henumerare
1605 1938 1634 1961 C.

1087 1980 1110 2002 8.
1129 1987 1193 2003 cum
1209 1979 1272 2002 codd.
1282 1983 1361 2009 paene
1376 1985 1466 2006 omncs,
1481 1980 1503 2000 et
1515 1977 1535 2000 C
1543 1980 1646 2007 praeter
1656 1983 1757 2005 morem,

1056 2019 1079 2041 A
1094 2019 1168 2048 (male
1185 2019 1209 2042 T
1207 2018 1264 2041 z'sclz.
1278 2020 1363 2048 quum]
1377 2016 1400 2040 (τ’
1408 2025 1413 2039 2
1432 2024 1507 2047 quum
1522 2016 1566 2039 BT
1583 2015 1657 2039 Hier.
1688 2016 1757 2038 hoe:

1054 2058 1115 2081 haec
1127 2058 1158 2081 ς’.
1192 2057 1419 2088 impraesentiarum
1437 2063 1486 2078 uno
1498 2055 1573 2078 ductu
1586 2054 1616 2077 (ἶ.
1651 2055 1689 2077 sit
1701 2062 1756 2077 cum

1055 2096 1215 2121 CEHKlvTT
1231 2104 1288 2119 aur.
1307 2095 1330 2119 ’ἶ
1342 2096 1432 2118 Hieta:
1456 2098 1492 2117 est
1513 2094 1591 2117 ABY.
1637 2092 1758 2117 exstitisse

1056 2136 1140 2165 Ilien,
1152 2136 1265 2159 extetisse
1279 2134 1316 2157 Y*
1331 2136 1402 2162 (exst-
1412 2133 1466 2157 YCB.

1088 2183 1111 2206 9.
1130 2183 1176 2199 om.
1190 2176 1235 2198 dei
1248 2174 1302 2197 AY.
1338 2173 1439 2204 quonati
1453 2173 1505 2196 CT.

1091 2221 1128 2237 10.
1148 2214 1231 2237 istorie
1249 2214 1279 2242 E,
1296 2213 1369 2236 storie
1382 2212 1412 2235 T.
1446 2212 1512 2236 iurae
1524 2212 1556 2235 Y.
1590 2214 1684 2242 postest
1700 2219 1757 2234 aur.

1057 2251 1129 2274 illum
1144 2251 1179 2274 H.
1213 2251 1322 2274 coabtari
1336 2250 1365 2278 C,
1378 2249 1506 2280 quoabtari
1519 2249 1557 2277 T;
1576 2256 1596 2272 c.
1606 2255 1623 2272 ÷
1632 2251 1655 2272 et
1668 2249 1698 2271 E.

1093 2296 1130 2312 11.
1149 2291 1209 2313 Uae
1222 2293 1262 2312 etc.
1277 2297 1307 2312 ex
1318 2289 1387 2312 Erec.
1400 2289 1451 2311 xiii.
1464 2295 1492 2317 13
1505 2288 1587 2311 libere.
1610 2295 1656 2312 om.
1669 2289 1719 2315 qui
1727 2287 1758 2311 Y.

1057 2331 1156 2353 dicunt
1165 2335 1182 2353 ÷
1190 2329 1250 2351 haec
1262 2328 1286 2351 Y
1298 2336 1355 2352 czm'.
1369 2328 1392 2351 <f
1403 2328 1477 2351 Hier.

1093 2375 1130 2391 12.
1151 2371 1178 2395 >
1192 2368 1307 2391 dominus
1319 2367 1379 2390 dicit
1390 2367 1450 2390 ΗΘ.
1485 2366 1630 2398 aeuangelio
1644 2367 1673 2389 E.

1093 2414 1129 2436 13.
1148 2407 1244 2430 ioannis
1256 2407 1329 2430 Hier.
1363 2406 1466 2430 homnes
1479 2406 1507 2430 C.
1542 2414 1588 2430 om.
1600 2407 1677 2429 fures
1689 2406 1717 2430 B.

1093 2453 1129 2477 14.
1148 2449 1197 2474 qui
1210 2450 1266 2470 ante
1279 2448 1357 2469 missi
1369 2449 1421 2476 sup.
1433 2446 1478 2469 lin.
1489 2446 1518 2470 C.
1553 2447 1610 2469 misi
1621 2454 1678 2469 aur.
1712 2445 1761 2477 ipsi

1058 2487 1088 2511 C.
1122 2494 1168 2509 om.
1181 2494 1238 2509 non
1251 2489 1309 2509 anta⁷
1320 2487 1466 2508 mittebam
1478 2485 1507 2508 E.

1097 2532 1134 2555 15.
1152 2525 1331 2549 inuenientibus
1343 2532 1393 2548 uno
1404 2524 1479 2548 ductu
1492 2524 1515 2547 A
1527 2524 1645 2555 (neglexit
1659 2523 1761 2553 Tz'sch.>.

1058 2565 1226 2595 praesumptio
1236 2564 1303 2587 BET
1312 2572 1369 2587 aur.
1380 2563 1403 2586 (ἶ
1412 2564 1485 2587 Ηὶεν,
1503 2564 1572 2587 misis
1582 2564 1612 2587 Y.
1629 2564 1760 2586 ueritatis

1058 2611 1113 2626 cum
1127 2603 1195 2626 ABC
1206 2612 1211 2630 ;
1231 2603 1356 2627 seruitutis
1369 2603 1553 2626 EHoKlvTTv
1565 2611 1622 2627 aur.
1634 2602 1656 2626 ς’
1667 2602 1742 2625 Hier.

1487 2691 1544 2714 C2

1769 1724 1797 1747 15
