2209 3147
372 259 433 292 (³80

661 354 721 377 Par.
737 352 793 376 Lat.
806 351 841 375 6³.

375 401 502 444 [XXII]
519 402 599 430 XXI.
615 402 650 430 In
660 408 731 430 terra
743 409 949 438 gerasenorum
960 399 994 426 de
1005 398 1124 426 homine

415 451 558 488 legionem
574 450 639 478 eicit
655 471 661 476 .
677 453 704 477 et
720 448 803 476 mittit
820 448 848 475 in
864 455 977 484 porcos

375 495 516 538 [XXIII]
548 497 645 525 XXII.
678 496 737 524 Ubi
769 495 812 524 ihs
839 493 1020 532 paraliticum
1046 491 1125 519 iussit

415 546 453 573 ire
479 553 545 573 cum
575 545 694 582 grabato
718 565 725 572 .
750 547 778 571 et
806 541 954 569 matheum
981 543 1067 567 uocat
1091 537 1126 565 de

417 592 564 620 theloneo.

376 636 517 679 [XXIV]
541 637 653 666 XXIII.
677 637 746 666 Non
768 640 853 673 egent
877 635 937 663 sani
960 633 1127 661 medicum.

417 692 459 714 set
474 686 548 714 male
563 686 682 713 abentes
696 707 701 712 .
717 689 745 712 et
766 682 991 711 misericordiam
1011 679 1079 708 uolo
1101 683 1128 706 et

418 742 477 761 non
494 732 674 761 sacrificium.

379 777 503 819 [XXV]
530 777 652 807 XX1111.
684 778 752 806 Non
778 778 905 806 ieiunant
931 775 977 803 filii
1002 773 1101 812 sponsi
1123 795 1128 801 .

419 826 547 864 quandiu
562 835 629 855 cum
644 826 684 854 eis
702 831 744 853 est
760 833 885 862 sponsus
902 845 906 850 .
923 827 950 851 et
967 822 1002 850 de
1018 822 1129 849 utribus

418 882 511 901 nouis.

379 918 520 959 [XXVI]
542 919 638 948 XXV.
660 919 719 948 Ubi
738 919 839 946 mulier
855 928 871 946 a
887 917 1030 954 profluuio
1046 925 1130 944 sana-

420 974 464 995 tur
481 989 486 994 .
502 973 529 995 et
544 967 601 995 filia
618 967 754 1004 principis
769 966 959 994 resuscitatur.

379 1061 507 1089 XXVII.
530 1060 587 1089 Ubi
608 1061 651 1088 ihs
672 1061 785 1088 duobus
801 1060 877 1088 cecis
893 1058 1012 1087 occulos
1033 1067 1131 1094 apper-

420 1109 460 1136 uit
476 1129 481 1136 .
503 1113 529 1136 et
546 1118 563 1136 a
579 1108 666 1136 surdo
681 1112 709 1136 et
724 1113 805 1136 muto
821 1107 989 1135 demonium
1005 1105 1095 1133 eiecit.

382 1202 524 1230 XXVIII.
548 1202 653 1230 Messis
665 1202 755 1230 multa
768 1224 773 1229 .
787 1201 907 1238 operarii
920 1205 1015 1228 autem
1028 1199 1113 1237 pauci
1127 1221 1132 1227 .

423 1255 450 1278 et
465 1250 531 1277 data
547 1249 685 1286 apostolis
701 1254 841 1286 potestate
857 1248 985 1276 curandi.

382 1296 541 1324 XXVIIII.
575 1296 703 1324 Nomina
728 1295 926 1333 apostolorum
952 1304 1027 1332 quos
1056 1294 1131 1322 misit

424 1353 491 1372 cum
513 1344 643 1372 doctrina
663 1367 668 1371 .
686 1348 713 1371 et
735 1343 824 1380 signis
846 1343 1001 1371 sanitatum
1020 1362 1026 1370 .
1046 1347 1073 1369 et
1096 1341 1131 1369 de

424 1391 564 1428 peccunia
585 1391 614 1419 in
637 1391 726 1425 zonis,
748 1395 775 1418 et
794 1389 972 1418 excuciendo
993 1388 1132 1426 puluuere

425 1438 461 1466 de
476 1438 608 1475 pedibus.

384 1486 494 1513 XXXa.
516 1485 593 1514 Ecce
613 1494 668 1522 ego
689 1485 772 1513 mitto
790 1494 843 1513 uos
862 1484 933 1512 sicut
950 1493 1021 1512 oues
1039 1506 1044 1511 .
1061 1488 1088 1511 et
1113 1483 1135 1510 si

426 1542 479 1561 uos
498 1533 637 1570 persecuti
658 1532 762 1560 fuerint
784 1532 813 1560 in
835 1541 892 1559 una
916 1531 1066 1559 ciuitatum
1086 1551 1092 1557 .
1108 1536 1135 1558 et

427 1589 486 1608 non
514 1585 556 1608 est
586 1579 742 1616 discipulus
772 1588 858 1616 super
888 1578 1056 1614 magistrum
1080 1599 1086 1605 .
1109 1581 1136 1605 et

426 1627 494 1654 nihil
510 1633 643 1664 opertum
660 1649 666 1655 .
682 1632 709 1654 et
725 1626 802 1664 quod
818 1626 883 1654 dico
900 1625 928 1653 in
947 1625 1071 1653 tenebris
1087 1646 1092 1652 .
1110 1630 1137 1652 et

427 1684 487 1702 non
509 1674 654 1702 timendos
677 1673 725 1710 qui
747 1673 881 1702 occidunt
903 1681 1008 1709 corpus
1025 1693 1031 1698 .
1050 1676 1077 1699 et
1100 1671 1136 1698 de

427 1722 541 1750 duobus
562 1721 726 1758 passeribus
745 1744 750 1749 .
769 1726 796 1748 et
818 1720 867 1757 qui
890 1729 937 1748 me
960 1718 1107 1756 negauerit
1131 1740 1136 1745 .

427 1773 454 1796 et
470 1778 529 1797 non
544 1768 610 1796 ueni
627 1767 737 1795 mittere
755 1777 866 1804 pacem.

388 2009 499 2038 XXXa.
522 2009 539 2037 i.
561 2008 620 2044 Qui
641 2015 717 2037 amat
737 2015 848 2046 patrem
871 2016 919 2038 aut
939 2016 1060 2037 matrem
1077 2009 1140 2046 plus

431 2066 518 2095 quam
534 2066 581 2084 me
597 2078 602 2084 .
619 2062 645 2084 et
661 2057 711 2093 qui
728 2057 828 2094 recipit
844 2057 1023 2093 prophetam.

391 2198 501 2226 XXXa.
524 2198 549 2226 ii.
574 2197 662 2225 Iohns
678 2197 714 2225 ad
734 2197 792 2225 ihm
809 2197 844 2226 de
860 2207 973 2226 carcere
994 2198 1076 2225 mittit
1093 2220 1098 2225 .
1116 2203 1143 2225 et

432 2246 475 2273 ihs
491 2245 525 2273 de
541 2244 627 2273 iohne
645 2244 683 2272 ad
699 2245 795 2272 turbas
811 2245 936 2281 loquitur
951 2267 957 2272 .
974 2245 1017 2272 lex
1034 2250 1061 2272 et
1077 2253 1142 2281 pro-

433 2293 537 2330 phetae
555 2301 647 2329 usque
667 2291 704 2318 ad
724 2291 881 2319 iohannem
899 2314 904 2318 .
919 2296 947 2319 et
963 2291 1143 2319 cantabimus

433 2340 525 2368 uobis.

1024 252 1265 283 EPJLOGUS.

1472 343 1549 367 Harl.
1564 348 1634 374 2790.

1179 393 1276 421 XXII.
1292 392 1472 421 Gerasenam
1488 392 1625 430 adpulsus
1637 391 1711 420 duos
1724 390 1929 420 daemoniacos

1220 441 1257 468 ab
1273 442 1326 476 spu
1343 440 1441 467 liberat
1457 439 1608 468 inmundo.

1180 487 1293 515 XXIII.
1318 487 1509 523 Paralyticum
1524 492 1611 515 curat.

1180 534 1310 562 XXIIII.
1334 533 1498 562 Mattheum
1518 534 1554 562 ad
1573 533 1767 571 apostolatum
1783 543 1798 561 e
1815 533 1933 562 toloneo

1221 586 1315 609 uocat

1184 775 1278 803 XXV.
1300 775 1346 804 De
1370 775 1476 803 ieiunio
1504 775 1637 803 iohannis
1661 775 1791 812 discipuli
1821 775 1934 812 discep-

1224 828 1315 851 tantes
1332 845 1337 850 .
1353 832 1582 860 responsumque
1598 822 1655 851 ihu.

1183 917 1294 945 XXVI.
1317 916 1343 944 A
1365 917 1513 954 sanguinis
1531 916 1610 945 fluxu
1633 917 1733 945 mulier
1752 917 1888 945 liberatur
1908 920 1935 944 et

1225 964 1280 992 filia
1295 964 1431 1001 principis
1447 964 1610 993 suscitatur.

1184 1062 1310 1090 XXVII.
1334 1062 1401 1090 Duo
1416 1062 1494 1091 caeci
1509 1062 1715 1090 inluminantur
1730 1062 1856 1090 similiter
1871 1071 1934 1090 mu-

1225 1114 1286 1137 tum
1302 1109 1533 1138 daemoniacum.

1185 1203 1327 1232 XXVIII.
1365 1204 1401 1232 Et
1430 1204 1576 1241 discipulis
1605 1203 1673 1232 dicit

1226 1251 1349 1289 operarii
1366 1252 1459 1288 pauci.

1186 1298 1346 1327 XXVIIII.
1366 1299 1473 1336 Eisque
1485 1298 1604 1327 curandi
1617 1303 1789 1335 potestatem
1800 1299 1936 1327 tribuens

1697 1226 1702 1230 .
1724 1204 1825 1232 messis
1848 1204 1938 1232 multa

1189 1487 1284 1515 XXX.
1307 1487 1386 1516 Ecce
1411 1496 1466 1524 ego
1492 1487 1574 1514 mitto
1600 1496 1653 1515 uos
1678 1487 1750 1515 sicut
1773 1496 1843 1515 oues
1867 1487 1941 1515 inter

1229 1535 1313 1572 lupos
1339 1540 1365 1562 et
1392 1535 1421 1562 in
1444 1534 1692 1571 persecutionibus
1717 1533 1753 1561 de
1773 1534 1886 1562 ciuitate
1912 1534 1940 1561 in

1229 1583 1374 1611 ciuitatem
1388 1581 1565 1618 fugiendum.

1195 2204 1307 2231 XXXI.
1330 2204 1387 2232 Hie
1403 2203 1542 2232 iohannes
1557 2203 1593 2231 ad
1614 2203 1673 2231 ihm
1689 2204 1846 2241 discipulos
1862 2204 1947 2232 mittit

1237 2261 1252 2279 e
1275 2260 1387 2280 carcere
1408 2251 1597 2288 corrigendos
1620 2256 1646 2279 et
1669 2251 1729 2288 ipse
1749 2251 1793 2280 ihs
1815 2251 1945 2288 perhibet

1236 2299 1443 2326 testimonium.

431 2606 542 2629 XXVII.
559 2606 593 2629 sic
606 2609 666 2629 recte
680 2609 837 2629 numeratur.

1234 2604 1318 2627 XXII.
1337 2604 1497 2628 Gerasemam
1510 2608 1568 2635 m.p.

1234 2643 1316 2666 XXX.
1335 2646 1392 2666 ante
1405 2644 1613 2673 persecutionibus
1626 2651 1717 2666 rasura
1732 2643 1809 2666 unius
1822 2643 1859 2666 lit.
