<?xml version="1.0" encoding="UTF-8"?>
<!DOCTYPE html PUBLIC "-//W3C//DTD XHTML 1.0 Transitional//EN"
    "http://www.w3.org/TR/xhtml1/DTD/xhtml1-transitional.dtd">
<html xmlns="http://www.w3.org/1999/xhtml" xml:lang="en" lang="en">
 <head>
  <title>
</title>
<meta http-equiv="Content-Type" content="text/html;charset=utf-8" />
  <meta name='ocr-system' content='tesseract 3.04.00' />
  <meta name='ocr-capabilities' content='ocr_page ocr_carea ocr_par ocr_line ocrx_word'/>
</head>
<body>
  <div class='ocr_page' id='page_1' title='image "./quattuoreuangeli00jero_0751.png"; bbox 0 0 2209 3147; ppageno 0'>
   <div class='ocr_carea' id='block_1_1' title="bbox 407 469 1649 588">
    <p class='ocr_par' dir='ltr' id='par_1_1' title="bbox 407 469 1649 588">
     <span class='ocr_line' id='line_1_1' title="bbox 407 469 1649 511; baseline 0.003 -4"><span class='ocrx_word' id='word_1_1' title='bbox 407 469 504 508; x_wconf 74' lang='lat' dir='ltr'>CAP.</span> <span class='ocrx_word' id='word_1_2' title='bbox 546 469 611 508; x_wconf 89' lang='lat' dir='ltr'>IV.</span> <span class='ocrx_word' id='word_1_3' title='bbox 681 469 755 507; x_wconf 82' lang='lat' dir='ltr'>DE</span> <span class='ocrx_word' id='word_1_4' title='bbox 788 469 1000 507; x_wconf 81' lang='lat' dir='ltr'><strong>PATRIA</strong></span> <span class='ocrx_word' id='word_1_5' title='bbox 1029 469 1099 508; x_wconf 85' lang='lat' dir='ltr'>ET</span> <span class='ocrx_word' id='word_1_6' title='bbox 1129 470 1350 509; x_wconf 88' lang='lat' dir='ltr'>INDOLE</span> <span class='ocrx_word' id='word_1_7' title='bbox 1379 471 1649 511; x_wconf 88' lang='lat' dir='ltr'>CODICUM</span> 
     </span>
     <span class='ocr_line' id='line_1_2' title="bbox 834 549 1217 588; baseline 0.005 -2"><span class='ocrx_word' id='word_1_8' title='bbox 834 549 1217 588; x_wconf 80' lang='lat' dir='ltr'>NOSTRORUM.</span> 
     </span>
    </p>
   </div>
   <div class='ocr_carea' id='block_1_2' title="bbox 312 663 1748 759">
    <p class='ocr_par' dir='ltr' id='par_1_2' title="bbox 312 663 1748 759">
     <span class='ocr_line' id='line_1_3' title="bbox 312 663 1748 704; baseline 0.003 -11"><span class='ocrx_word' id='word_1_9' title='bbox 312 672 336 693; x_wconf 85' lang='lat'>1.</span> <span class='ocrx_word' id='word_1_10' title='bbox 377 663 433 693; x_wconf 82' lang='lat' dir='ltr'>DE</span> <span class='ocrx_word' id='word_1_11' title='bbox 458 670 592 693; x_wconf 74' lang='lat' dir='ltr'>PATmA</span> <span class='ocrx_word' id='word_1_12' title='bbox 617 670 664 693; x_wconf 83' lang='lat' dir='ltr'>ET</span> <span class='ocrx_word' id='word_1_13' title='bbox 688 670 842 694; x_wconf 66' lang='lat' dir='ltr'>ORIGmE</span> <span class='ocrx_word' id='word_1_14' title='bbox 867 671 1035 695; x_wconf 61' lang='lat' dir='ltr'>conicum</span> <span class='ocrx_word' id='word_1_15' title='bbox 1061 672 1202 695; x_wconf 82' lang='lat' dir='ltr'>PRIMAE</span> <span class='ocrx_word' id='word_1_16' title='bbox 1227 672 1370 696; x_wconf 78' lang='lat' dir='ltr'>CLAssrs</span> <span class='ocrx_word' id='word_1_17' title='bbox 1394 665 1620 703; x_wconf 68' lang='lat' dir='ltr'>AAHssSY3</span> <span class='ocrx_word' id='word_1_18' title='bbox 1656 667 1748 704; x_wconf 81' lang='lat' dir='ltr'>OX3</span> 
     </span>
     <span class='ocr_line' id='line_1_4' title="bbox 848 719 1201 759; baseline 0.003 -9"><span class='ocrx_word' id='word_1_19' title='bbox 848 719 946 750; x_wconf 78' lang='lat' dir='ltr'>JMP</span> <span class='ocrx_word' id='word_1_20' title='bbox 965 733 971 757; x_wconf 80' lang='lat'>3</span> <span class='ocrx_word' id='word_1_21' title='bbox 1012 721 1047 759; x_wconf 81' lang='lat' dir='ltr'>F,</span> <span class='ocrx_word' id='word_1_22' title='bbox 1068 720 1102 751; x_wconf 63' lang='lat' dir='ltr'>H)</span> <span class='ocrx_word' id='word_1_23' title='bbox 1120 732 1126 759; x_wconf 89' lang='lat'>;</span> <span class='ocrx_word' id='word_1_24' title='bbox 1165 721 1201 751; x_wconf 90' lang='lat' dir='ltr'>Z.</span> 
     </span>
    </p>
   </div>
   <div class='ocr_carea' id='block_1_3' title="bbox 264 786 1779 2481">
    <p class='ocr_par' dir='ltr' id='par_1_3' title="bbox 269 786 1779 1345">
     <span class='ocr_line' id='line_1_5' title="bbox 317 786 1777 830; baseline 0.004 -13"><span class='ocrx_word' id='word_1_25' title='bbox 317 786 361 817; x_wconf 87' lang='lat' dir='ltr'>IN</span> <span class='ocrx_word' id='word_1_26' title='bbox 401 787 604 827; x_wconf 81' lang='lat' dir='ltr'>praefatione</span> <span class='ocrx_word' id='word_1_27' title='bbox 644 788 740 818; x_wconf 89' lang='lat' dir='ltr'>huius</span> <span class='ocrx_word' id='word_1_28' title='bbox 777 788 860 819; x_wconf 91' lang='lat' dir='ltr'>tomi</span> <span class='ocrx_word' id='word_1_29' title='bbox 899 787 944 830; x_wconf 88' lang='lat' dir='ltr'>(p.</span> <span class='ocrx_word' id='word_1_30' title='bbox 969 788 1008 829; x_wconf 80' lang='lat' dir='ltr'>x)</span> <span class='ocrx_word' id='word_1_31' title='bbox 1047 789 1272 821; x_wconf 81' lang='lat' dir='ltr'>scribebamus</span> <span class='ocrx_word' id='word_1_32' title='bbox 1308 801 1366 821; x_wconf 91' lang='lat' dir='ltr'>nos</span> <span class='ocrx_word' id='word_1_33' title='bbox 1404 791 1555 822; x_wconf 86' lang='lat' dir='ltr'>codicum</span> <span class='ocrx_word' id='word_1_34' title='bbox 1589 797 1777 823; x_wconf 88' lang='lat' dir='ltr'>nostrorum</span> 
     </span>
     <span class='ocr_line' id='line_1_6' title="bbox 272 842 1778 883; baseline 0.003 -15"><span class='ocrx_word' id='word_1_35' title='bbox 272 843 450 869; x_wconf 78' lang='lat' dir='ltr'>stemmata</span> <span class='ocrx_word' id='word_1_36' title='bbox 481 849 679 879; x_wconf 86' lang='lat' dir='ltr'>componere</span> <span class='ocrx_word' id='word_1_37' title='bbox 707 850 772 870; x_wconf 91' lang='lat' dir='ltr'>non</span> <span class='ocrx_word' id='word_1_38' title='bbox 800 851 904 881; x_wconf 78' lang='lat' dir='ltr'>posse,</span> <span class='ocrx_word' id='word_1_39' title='bbox 929 842 1018 881; x_wconf 91' lang='lat' dir='ltr'>quod</span> <span class='ocrx_word' id='word_1_40' title='bbox 1045 842 1133 872; x_wconf 89' lang='lat' dir='ltr'>idem</span> <span class='ocrx_word' id='word_1_41' title='bbox 1165 852 1279 872; x_wconf 90' lang='lat' dir='ltr'>uerum</span> <span class='ocrx_word' id='word_1_42' title='bbox 1312 852 1382 873; x_wconf 90' lang='lat' dir='ltr'>esse</span> <span class='ocrx_word' id='word_1_43' title='bbox 1413 848 1489 883; x_wconf 90' lang='lat' dir='ltr'>post</span> <span class='ocrx_word' id='word_1_44' title='bbox 1515 848 1643 883; x_wconf 78' lang='lat' dir='ltr'><strong>septem</strong></span> <span class='ocrx_word' id='word_1_45' title='bbox 1675 854 1778 875; x_wconf 88' lang='lat' dir='ltr'>annos</span> 
     </span>
     <span class='ocr_line' id='line_1_7' title="bbox 271 888 1777 932; baseline 0.005 -13"><span class='ocrx_word' id='word_1_46' title='bbox 271 890 346 920; x_wconf 88' lang='lat' dir='ltr'>huic</span> <span class='ocrx_word' id='word_1_47' title='bbox 367 891 477 922; x_wconf 87' lang='lat' dir='ltr'>studio</span> <span class='ocrx_word' id='word_1_48' title='bbox 499 888 596 932; x_wconf 87' lang='lat' dir='ltr'>(inter</span> <span class='ocrx_word' id='word_1_49' title='bbox 612 897 721 921; x_wconf 90' lang='lat' dir='ltr'>cetera</span> <span class='ocrx_word' id='word_1_50' title='bbox 742 892 829 922; x_wconf 90' lang='lat' dir='ltr'>uitae</span> <span class='ocrx_word' id='word_1_51' title='bbox 852 892 1000 931; x_wconf 91' lang='lat' dir='ltr'>munera)</span> <span class='ocrx_word' id='word_1_52' title='bbox 1018 893 1150 923; x_wconf 89' lang='lat' dir='ltr'>deditos</span> <span class='ocrx_word' id='word_1_53' title='bbox 1173 893 1238 923; x_wconf 90' lang='lat' dir='ltr'>iam</span> <span class='ocrx_word' id='word_1_54' title='bbox 1258 894 1410 925; x_wconf 82' lang='lat' dir='ltr'>fatemur.</span> <span class='ocrx_word' id='word_1_55' title='bbox 1457 895 1646 926; x_wconf 85' lang='lat' dir='ltr'>Diuisiones</span> <span class='ocrx_word' id='word_1_56' title='bbox 1666 900 1777 926; x_wconf 90' lang='lat' dir='ltr'>autem</span> 
     </span>
     <span class='ocr_line' id='line_1_8' title="bbox 271 942 1778 986; baseline 0.003 -14"><span class='ocrx_word' id='word_1_57' title='bbox 271 942 424 972; x_wconf 89' lang='lat' dir='ltr'>classium</span> <span class='ocrx_word' id='word_1_58' title='bbox 456 944 674 982; x_wconf 90' lang='lat' dir='ltr'>quarumdam</span> <span class='ocrx_word' id='word_1_59' title='bbox 706 948 739 973; x_wconf 93' lang='lat' dir='ltr'>et</span> <span class='ocrx_word' id='word_1_60' title='bbox 772 944 967 974; x_wconf 78' lang='lat' dir='ltr'>familiarum</span> <span class='ocrx_word' id='word_1_61' title='bbox 1000 944 1116 975; x_wconf 86' lang='lat' dir='ltr'>clarius</span> <span class='ocrx_word' id='word_1_62' title='bbox 1147 946 1278 976; x_wconf 88' lang='lat' dir='ltr'>ostendi</span> <span class='ocrx_word' id='word_1_63' title='bbox 1308 951 1458 985; x_wconf 80' lang='lat' dir='ltr'>possunt,</span> <span class='ocrx_word' id='word_1_64' title='bbox 1486 951 1519 977; x_wconf 93' lang='lat' dir='ltr'>et</span> <span class='ocrx_word' id='word_1_65' title='bbox 1550 956 1610 977; x_wconf 90' lang='lat' dir='ltr'>nos</span> <span class='ocrx_word' id='word_1_66' title='bbox 1643 947 1778 986; x_wconf 92' lang='lat' dir='ltr'>quidem</span> 
     </span>
     <span class='ocr_line' id='line_1_9' title="bbox 272 994 1779 1037; baseline 0.003 -13"><span class='ocrx_word' id='word_1_67' title='bbox 272 1003 385 1024; x_wconf 89' lang='lat' dir='ltr'>eorum</span> <span class='ocrx_word' id='word_1_68' title='bbox 418 1003 502 1034; x_wconf 85' lang='lat' dir='ltr'>quae</span> <span class='ocrx_word' id='word_1_69' title='bbox 533 999 631 1025; x_wconf 87' lang='lat' dir='ltr'>antea</span> <span class='ocrx_word' id='word_1_70' title='bbox 659 995 691 1025; x_wconf 89' lang='lat' dir='ltr'>in</span> <span class='ocrx_word' id='word_1_71' title='bbox 718 994 779 1025; x_wconf 87' lang='lat' dir='ltr'>hac</span> <span class='ocrx_word' id='word_1_72' title='bbox 811 1005 844 1025; x_wconf 91' lang='lat' dir='ltr'>re</span> <span class='ocrx_word' id='word_1_73' title='bbox 868 995 1093 1026; x_wconf 85' lang='lat' dir='ltr'>scribebamus</span> <span class='ocrx_word' id='word_1_74' title='bbox 1118 1006 1184 1027; x_wconf 93' lang='lat' dir='ltr'>non</span> <span class='ocrx_word' id='word_1_75' title='bbox 1212 997 1369 1037; x_wconf 89' lang='lat' dir='ltr'>paenitet.</span> <span class='ocrx_word' id='word_1_76' title='bbox 1428 997 1557 1029; x_wconf 78' lang='lat' dir='ltr'>Classes</span> <span class='ocrx_word' id='word_1_77' title='bbox 1581 999 1669 1028; x_wconf 89' lang='lat' dir='ltr'>enim</span> <span class='ocrx_word' id='word_1_78' title='bbox 1693 999 1779 1029; x_wconf 87' lang='lat' dir='ltr'>duae</span> 
     </span>
     <span class='ocr_line' id='line_1_10' title="bbox 271 1044 1778 1090; baseline 0.004 -15"><span class='ocrx_word' id='word_1_79' title='bbox 271 1044 323 1075; x_wconf 90' lang='lat' dir='ltr'>uel</span> <span class='ocrx_word' id='word_1_80' title='bbox 361 1046 471 1085; x_wconf 88' lang='lat' dir='ltr'>potius</span> <span class='ocrx_word' id='word_1_81' title='bbox 505 1051 571 1076; x_wconf 87' lang='lat' dir='ltr'>tres</span> <span class='ocrx_word' id='word_1_82' title='bbox 607 1046 861 1087; x_wconf 81' lang='lat' dir='ltr'>distinguendae</span> <span class='ocrx_word' id='word_1_83' title='bbox 899 1052 984 1084; x_wconf 87' lang='lat' dir='ltr'>sunt,</span> <span class='ocrx_word' id='word_1_84' title='bbox 1015 1058 1153 1088; x_wconf 87' lang='lat' dir='ltr'>quarum</span> <span class='ocrx_word' id='word_1_85' title='bbox 1194 1049 1301 1088; x_wconf 86' lang='lat' dir='ltr'>prima</span> <span class='ocrx_word' id='word_1_86' title='bbox 1339 1050 1469 1080; x_wconf 82' lang='lat' dir='ltr'>codices</span> <span class='ocrx_word' id='word_1_87' title='bbox 1508 1050 1710 1090; x_wconf 84' lang='lat' dir='ltr'>antiquiores</span> <span class='ocrx_word' id='word_1_88' title='bbox 1744 1055 1778 1081; x_wconf 87' lang='lat' dir='ltr'>et</span> 
     </span>
     <span class='ocr_line' id='line_1_11' title="bbox 270 1097 1777 1142; baseline 0.003 -15"><span class='ocrx_word' id='word_1_89' title='bbox 270 1098 312 1127; x_wconf 90' lang='lat' dir='ltr'>ab</span> <span class='ocrx_word' id='word_1_90' title='bbox 337 1097 572 1128; x_wconf 85' lang='lat' dir='ltr'>additamentis</span> <span class='ocrx_word' id='word_1_91' title='bbox 596 1098 808 1129; x_wconf 88' lang='lat' dir='ltr'>immuniores</span> <span class='ocrx_word' id='word_1_92' title='bbox 833 1100 1004 1137; x_wconf 81' lang='lat' dir='ltr'>continet3</span> <span class='ocrx_word' id='word_1_93' title='bbox 1038 1101 1182 1131; x_wconf 84' lang='lat' dir='ltr'>secunda</span> <span class='ocrx_word' id='word_1_94' title='bbox 1207 1101 1280 1131; x_wconf 86' lang='lat' dir='ltr'>illos</span> <span class='ocrx_word' id='word_1_95' title='bbox 1307 1101 1557 1140; x_wconf 89' lang='lat' dir='ltr'>comprehendit</span> <span class='ocrx_word' id='word_1_96' title='bbox 1581 1102 1637 1142; x_wconf 91' lang='lat' dir='ltr'>qui</span> <span class='ocrx_word' id='word_1_97' title='bbox 1662 1107 1777 1132; x_wconf 73' lang='lat' dir='ltr'>textus</span> 
     </span>
     <span class='ocr_line' id='line_1_12' title="bbox 271 1148 1777 1192; baseline 0.005 -14"><span class='ocrx_word' id='word_1_98' title='bbox 271 1148 410 1179; x_wconf 86' lang='lat' dir='ltr'>formam</span> <span class='ocrx_word' id='word_1_99' title='bbox 434 1150 522 1189; x_wconf 89' lang='lat' dir='ltr'>apud</span> <span class='ocrx_word' id='word_1_100' title='bbox 545 1150 690 1180; x_wconf 86' lang='lat' dir='ltr'>diuersas</span> <span class='ocrx_word' id='word_1_101' title='bbox 710 1156 825 1190; x_wconf 82' lang='lat' dir='ltr'>gentes</span> <span class='ocrx_word' id='word_1_102' title='bbox 842 1151 981 1181; x_wconf 86' lang='lat' dir='ltr'>decursu</span> <span class='ocrx_word' id='word_1_103' title='bbox 998 1152 1157 1191; x_wconf 91' lang='lat' dir='ltr'>temporis</span> <span class='ocrx_word' id='word_1_104' title='bbox 1174 1157 1392 1192; x_wconf 77' lang='lat' dir='ltr'>propagatam</span> <span class='ocrx_word' id='word_1_105' title='bbox 1410 1154 1598 1189; x_wconf 78' lang='lat' dir='ltr'>ostendunt,</span> <span class='ocrx_word' id='word_1_106' title='bbox 1617 1154 1777 1185; x_wconf 88' lang='lat' dir='ltr'>Celticam</span> 
     </span>
     <span class='ocr_line' id='line_1_13' title="bbox 270 1200 1777 1245; baseline 0.004 -15"><span class='ocrx_word' id='word_1_107' title='bbox 270 1201 405 1237; x_wconf 83' lang='lat' dir='ltr'>scilicet,</span> <span class='ocrx_word' id='word_1_108' title='bbox 422 1200 583 1232; x_wconf 80' lang='lat' dir='ltr'>Gallicam</span> <span class='ocrx_word' id='word_1_109' title='bbox 604 1206 637 1231; x_wconf 91' lang='lat' dir='ltr'>et</span> <span class='ocrx_word' id='word_1_110' title='bbox 655 1202 883 1242; x_wconf 89' lang='lat' dir='ltr'>Hispanicam.</span> <span class='ocrx_word' id='word_1_111' title='bbox 929 1203 1042 1232; x_wconf 90' lang='lat' dir='ltr'>Tertia</span> <span class='ocrx_word' id='word_1_112' title='bbox 1062 1204 1265 1234; x_wconf 83' lang='lat' dir='ltr'>recensiones</span> <span class='ocrx_word' id='word_1_113' title='bbox 1287 1205 1445 1235; x_wconf 88' lang='lat' dir='ltr'>continet.</span> <span class='ocrx_word' id='word_1_114' title='bbox 1463 1205 1582 1245; x_wconf 89' lang='lat' dir='ltr'>quibus</span> <span class='ocrx_word' id='word_1_115' title='bbox 1605 1205 1665 1236; x_wconf 87' lang='lat' dir='ltr'>uiri</span> <span class='ocrx_word' id='word_1_116' title='bbox 1689 1206 1777 1236; x_wconf 91' lang='lat' dir='ltr'>docti</span> 
     </span>
     <span class='ocr_line' id='line_1_14' title="bbox 269 1253 1778 1297; baseline 0.004 -15"><span class='ocrx_word' id='word_1_117' title='bbox 269 1257 383 1283; x_wconf 85' lang='lat' dir='ltr'>textus</span> <span class='ocrx_word' id='word_1_118' title='bbox 415 1253 555 1283; x_wconf 90' lang='lat' dir='ltr'>formam</span> <span class='ocrx_word' id='word_1_119' title='bbox 587 1254 747 1284; x_wconf 89' lang='lat' dir='ltr'>ueriorem</span> <span class='ocrx_word' id='word_1_120' title='bbox 779 1254 877 1284; x_wconf 90' lang='lat' dir='ltr'>uariis</span> <span class='ocrx_word' id='word_1_121' title='bbox 909 1255 1114 1293; x_wconf 86' lang='lat' dir='ltr'>temporibus</span> <span class='ocrx_word' id='word_1_122' title='bbox 1145 1256 1316 1286; x_wconf 80' lang='lat' dir='ltr'>restituere</span> <span class='ocrx_word' id='word_1_123' title='bbox 1351 1257 1565 1295; x_wconf 81' lang='lat' dir='ltr'>conabantur,</span> <span class='ocrx_word' id='word_1_124' title='bbox 1589 1258 1631 1288; x_wconf 92' lang='lat' dir='ltr'>de</span> <span class='ocrx_word' id='word_1_125' title='bbox 1657 1258 1778 1297; x_wconf 91' lang='lat' dir='ltr'>quibus</span> 
     </span>
     <span class='ocr_line' id='line_1_15' title="bbox 269 1304 1016 1345; baseline 0.001 -10"><span class='ocrx_word' id='word_1_126' title='bbox 269 1304 300 1335; x_wconf 89' lang='lat' dir='ltr'>in</span> <span class='ocrx_word' id='word_1_127' title='bbox 325 1304 470 1344; x_wconf 89' lang='lat' dir='ltr'>capitulo</span> <span class='ocrx_word' id='word_1_128' title='bbox 494 1305 646 1344; x_wconf 85' lang='lat' dir='ltr'>sequenti</span> <span class='ocrx_word' id='word_1_129' title='bbox 670 1306 782 1345; x_wconf 88' lang='lat' dir='ltr'>paucis</span> <span class='ocrx_word' id='word_1_130' title='bbox 807 1306 1016 1336; x_wconf 83' lang='lat' dir='ltr'>disseremus.</span> 
     </span>
    </p>

    <p class='ocr_par' dir='ltr' id='par_1_4' title="bbox 266 1356 1778 2010">
     <span class='ocr_line' id='line_1_16' title="bbox 313 1356 1778 1400; baseline 0.004 -14"><span class='ocrx_word' id='word_1_131' title='bbox 313 1356 366 1386; x_wconf 88' lang='lat' dir='ltr'>De</span> <span class='ocrx_word' id='word_1_132' title='bbox 379 1357 546 1387; x_wconf 83' lang='lat' dir='ltr'>codicibus</span> <span class='ocrx_word' id='word_1_133' title='bbox 559 1357 684 1396; x_wconf 85' lang='lat' dir='ltr'>primae</span> <span class='ocrx_word' id='word_1_134' title='bbox 702 1357 812 1387; x_wconf 85' lang='lat' dir='ltr'>classis</span> <span class='ocrx_word' id='word_1_135' title='bbox 826 1358 932 1397; x_wconf 88' lang='lat' dir='ltr'>primo</span> <span class='ocrx_word' id='word_1_136' title='bbox 945 1357 1017 1389; x_wconf 92' lang='lat' dir='ltr'>loco</span> <span class='ocrx_word' id='word_1_137' title='bbox 1034 1359 1247 1389; x_wconf 88' lang='lat' dir='ltr'>asserendum</span> <span class='ocrx_word' id='word_1_138' title='bbox 1261 1364 1311 1389; x_wconf 87' lang='lat' dir='ltr'>est</span> <span class='ocrx_word' id='word_1_139' title='bbox 1324 1369 1380 1390; x_wconf 90' lang='lat' dir='ltr'>eos</span> <span class='ocrx_word' id='word_1_140' title='bbox 1398 1370 1512 1391; x_wconf 90' lang='lat' dir='ltr'>omnes</span> <span class='ocrx_word' id='word_1_141' title='bbox 1526 1361 1778 1400; x_wconf 86' lang='lat' dir='ltr'>quodammodo</span> 
     </span>
     <span class='ocr_line' id='line_1_17' title="bbox 268 1408 1777 1453; baseline 0.004 -15"><span class='ocrx_word' id='word_1_142' title='bbox 268 1418 343 1439; x_wconf 91' lang='lat' dir='ltr'>cum</span> <span class='ocrx_word' id='word_1_143' title='bbox 366 1408 464 1439; x_wconf 89' lang='lat' dir='ltr'>Italia</span> <span class='ocrx_word' id='word_1_144' title='bbox 483 1408 535 1438; x_wconf 91' lang='lat' dir='ltr'>uel</span> <span class='ocrx_word' id='word_1_145' title='bbox 557 1408 692 1448; x_wconf 84' lang='lat' dir='ltr'>propius</span> <span class='ocrx_word' id='word_1_146' title='bbox 716 1409 767 1438; x_wconf 88' lang='lat' dir='ltr'>uel</span> <span class='ocrx_word' id='word_1_147' title='bbox 791 1409 920 1450; x_wconf 87' lang='lat' dir='ltr'>longius</span> <span class='ocrx_word' id='word_1_148' title='bbox 944 1410 1104 1451; x_wconf 85' lang='lat' dir='ltr'>coniungi.</span> <span class='ocrx_word' id='word_1_149' title='bbox 1152 1410 1335 1451; x_wconf 82' lang='lat' dir='ltr'>Euangelia</span> <span class='ocrx_word' id='word_1_150' title='bbox 1352 1412 1497 1451; x_wconf 85' lang='lat' dir='ltr'>quidem,</span> <span class='ocrx_word' id='word_1_151' title='bbox 1513 1413 1555 1443; x_wconf 89' lang='lat' dir='ltr'>ab</span> <span class='ocrx_word' id='word_1_152' title='bbox 1569 1413 1777 1453; x_wconf 86' lang='lat' dir='ltr'>Hieronymo</span> 
     </span>
     <span class='ocr_line' id='line_1_18' title="bbox 270 1460 1777 1505; baseline 0.004 -15"><span class='ocrx_word' id='word_1_153' title='bbox 270 1466 426 1496; x_wconf 86' lang='lat' dir='ltr'>correcta,</span> <span class='ocrx_word' id='word_1_154' title='bbox 442 1460 475 1490; x_wconf 88' lang='lat' dir='ltr'>in</span> <span class='ocrx_word' id='word_1_155' title='bbox 499 1460 581 1491; x_wconf 89' lang='lat' dir='ltr'>urbe</span> <span class='ocrx_word' id='word_1_156' title='bbox 606 1461 715 1491; x_wconf 88' lang='lat' dir='ltr'>Roma</span> <span class='ocrx_word' id='word_1_157' title='bbox 740 1461 829 1491; x_wconf 87' lang='lat' dir='ltr'>edita</span> <span class='ocrx_word' id='word_1_158' title='bbox 853 1461 951 1491; x_wconf 88' lang='lat' dir='ltr'>fuisse</span> <span class='ocrx_word' id='word_1_159' title='bbox 975 1466 1008 1492; x_wconf 90' lang='lat' dir='ltr'>et</span> <span class='ocrx_word' id='word_1_160' title='bbox 1032 1472 1074 1492; x_wconf 82' lang='lat' dir='ltr'>ex</span> <span class='ocrx_word' id='word_1_161' title='bbox 1098 1471 1137 1492; x_wconf 90' lang='lat' dir='ltr'>ea</span> <span class='ocrx_word' id='word_1_162' title='bbox 1160 1462 1193 1492; x_wconf 90' lang='lat' dir='ltr'>in</span> <span class='ocrx_word' id='word_1_163' title='bbox 1218 1463 1331 1493; x_wconf 86' lang='lat' dir='ltr'>orbem</span> <span class='ocrx_word' id='word_1_164' title='bbox 1358 1463 1580 1494; x_wconf 88' lang='lat' dir='ltr'>Christianum</span> <span class='ocrx_word' id='word_1_165' title='bbox 1606 1465 1777 1505; x_wconf 88' lang='lat' dir='ltr'>diuulgata</span> 
     </span>
     <span class='ocr_line' id='line_1_19' title="bbox 269 1511 1776 1555; baseline 0.004 -13"><span class='ocrx_word' id='word_1_166' title='bbox 269 1522 384 1543; x_wconf 88' lang='lat' dir='ltr'>omnes</span> <span class='ocrx_word' id='word_1_167' title='bbox 415 1513 634 1543; x_wconf 87' lang='lat' dir='ltr'>meminerint.</span> <span class='ocrx_word' id='word_1_168' title='bbox 693 1511 760 1543; x_wconf 82' lang='lat' dir='ltr'>Sed</span> <span class='ocrx_word' id='word_1_169' title='bbox 791 1519 920 1552; x_wconf 86' lang='lat' dir='ltr'>praeter</span> <span class='ocrx_word' id='word_1_170' title='bbox 952 1514 1236 1553; x_wconf 76' lang='lat' dir='ltr'>exspectationem</span> <span class='ocrx_word' id='word_1_171' title='bbox 1267 1515 1387 1545; x_wconf 89' lang='lat' dir='ltr'>accidit</span> <span class='ocrx_word' id='word_1_172' title='bbox 1419 1522 1454 1546; x_wconf 92' lang='lat' dir='ltr'>ut</span> <span class='ocrx_word' id='word_1_173' title='bbox 1485 1516 1580 1555; x_wconf 90' lang='lat' dir='ltr'>pauci</span> <span class='ocrx_word' id='word_1_174' title='bbox 1613 1516 1665 1547; x_wconf 86' lang='lat' dir='ltr'>uel</span> <span class='ocrx_word' id='word_1_175' title='bbox 1696 1517 1776 1548; x_wconf 91' lang='lat' dir='ltr'>nulli</span> 
     </span>
     <span class='ocr_line' id='line_1_20' title="bbox 268 1564 1775 1606; baseline 0.004 -12"><span class='ocrx_word' id='word_1_176' title='bbox 268 1575 311 1594; x_wconf 80' lang='lat' dir='ltr'>ex</span> <span class='ocrx_word' id='word_1_177' title='bbox 346 1564 515 1595; x_wconf 79' lang='lat' dir='ltr'>codicibus</span> <span class='ocrx_word' id='word_1_178' title='bbox 551 1564 685 1605; x_wconf 88' lang='lat' dir='ltr'>optimis</span> <span class='ocrx_word' id='word_1_179' title='bbox 725 1570 757 1595; x_wconf 91' lang='lat' dir='ltr'>et</span> <span class='ocrx_word' id='word_1_180' title='bbox 788 1565 1025 1604; x_wconf 80' lang='lat' dir='ltr'>antiquissimis</span> <span class='ocrx_word' id='word_1_181' title='bbox 1060 1565 1221 1606; x_wconf 84' lang='lat' dir='ltr'>originem</span> <span class='ocrx_word' id='word_1_182' title='bbox 1248 1566 1437 1598; x_wconf 88' lang='lat' dir='ltr'>Romanam</span> <span class='ocrx_word' id='word_1_183' title='bbox 1469 1568 1555 1598; x_wconf 89' lang='lat' dir='ltr'>clare</span> <span class='ocrx_word' id='word_1_184' title='bbox 1587 1569 1775 1600; x_wconf 87' lang='lat' dir='ltr'>ostendant.</span> 
     </span>
     <span class='ocr_line' id='line_1_21' title="bbox 269 1616 1776 1661; baseline 0.003 -15"><span class='ocrx_word' id='word_1_185' title='bbox 269 1616 325 1646; x_wconf 80' lang='lat' dir='ltr'>Ex</span> <span class='ocrx_word' id='word_1_186' title='bbox 354 1616 450 1647; x_wconf 84' lang='lat' dir='ltr'>Italia</span> <span class='ocrx_word' id='word_1_187' title='bbox 477 1616 561 1646; x_wconf 88' lang='lat' dir='ltr'>enim</span> <span class='ocrx_word' id='word_1_188' title='bbox 591 1616 646 1655; x_wconf 88' lang='lat' dir='ltr'>qui</span> <span class='ocrx_word' id='word_1_189' title='bbox 672 1616 847 1647; x_wconf 85' lang='lat' dir='ltr'>manifesto</span> <span class='ocrx_word' id='word_1_190' title='bbox 879 1617 1037 1657; x_wconf 81' lang='lat' dir='ltr'>originem</span> <span class='ocrx_word' id='word_1_191' title='bbox 1069 1618 1204 1648; x_wconf 88' lang='lat' dir='ltr'>trahunt</span> <span class='ocrx_word' id='word_1_192' title='bbox 1233 1618 1342 1658; x_wconf 88' lang='lat' dir='ltr'>potius</span> <span class='ocrx_word' id='word_1_193' title='bbox 1373 1629 1448 1649; x_wconf 91' lang='lat' dir='ltr'>cum</span> <span class='ocrx_word' id='word_1_194' title='bbox 1474 1619 1581 1650; x_wconf 89' lang='lat' dir='ltr'>Gallia</span> <span class='ocrx_word' id='word_1_195' title='bbox 1607 1620 1776 1661; x_wconf 85' lang='lat' dir='ltr'>Cisalpina</span> 
     </span>
     <span class='ocr_line' id='line_1_22' title="bbox 267 1668 1775 1710; baseline 0.003 -12"><span class='ocrx_word' id='word_1_196' title='bbox 267 1674 301 1698; x_wconf 91' lang='lat' dir='ltr'>et</span> <span class='ocrx_word' id='word_1_197' title='bbox 325 1668 518 1699; x_wconf 87' lang='lat' dir='ltr'>Mediolano</span> <span class='ocrx_word' id='word_1_198' title='bbox 543 1668 623 1698; x_wconf 85' lang='lat' dir='ltr'>urbe</span> <span class='ocrx_word' id='word_1_199' title='bbox 655 1668 706 1698; x_wconf 93' lang='lat' dir='ltr'>uel</span> <span class='ocrx_word' id='word_1_200' title='bbox 735 1678 810 1698; x_wconf 92' lang='lat' dir='ltr'>cum</span> <span class='ocrx_word' id='word_1_201' title='bbox 836 1668 933 1699; x_wconf 89' lang='lat' dir='ltr'>Italia</span> <span class='ocrx_word' id='word_1_202' title='bbox 957 1669 1162 1699; x_wconf 87' lang='lat' dir='ltr'>meridionali</span> <span class='ocrx_word' id='word_1_203' title='bbox 1191 1675 1222 1700; x_wconf 92' lang='lat' dir='ltr'>et</span> <span class='ocrx_word' id='word_1_204' title='bbox 1247 1670 1389 1710; x_wconf 90' lang='lat' dir='ltr'>Neapoli</span> <span class='ocrx_word' id='word_1_205' title='bbox 1420 1671 1614 1702; x_wconf 83' lang='lat' dir='ltr'>affinitatem</span> <span class='ocrx_word' id='word_1_206' title='bbox 1641 1672 1775 1703; x_wconf 88' lang='lat' dir='ltr'>habent.</span> 
     </span>
     <span class='ocr_line' id='line_1_23' title="bbox 269 1719 1775 1765; baseline 0.004 -16"><span class='ocrx_word' id='word_1_207' title='bbox 269 1719 411 1750; x_wconf 87' lang='lat' dir='ltr'>Codices</span> <span class='ocrx_word' id='word_1_208' title='bbox 436 1720 524 1749; x_wconf 90' lang='lat' dir='ltr'>enim</span> <span class='ocrx_word' id='word_1_209' title='bbox 548 1720 651 1749; x_wconf 90' lang='lat' dir='ltr'>nostri</span> <span class='ocrx_word' id='word_1_210' title='bbox 676 1719 925 1750; x_wconf 87' lang='lat' dir='ltr'>Northumbrici</span> <span class='ocrx_word' id='word_1_211' title='bbox 948 1720 1085 1758; x_wconf 74' lang='lat' dir='ltr'>AASY‚</span> <span class='ocrx_word' id='word_1_212' title='bbox 1102 1721 1298 1760; x_wconf 86' lang='lat' dir='ltr'>quibuscum</span> <span class='ocrx_word' id='word_1_213' title='bbox 1318 1722 1545 1753; x_wconf 81' lang='lat' dir='ltr'>Hubertianus</span> <span class='ocrx_word' id='word_1_214' title='bbox 1568 1722 1653 1765; x_wconf 43' lang='lat' dir='ltr'><strong>(H‘ff)</strong></span> <span class='ocrx_word' id='word_1_215' title='bbox 1677 1730 1775 1762; x_wconf 81' lang='lat' dir='ltr'>arcte,</span> 
     </span>
     <span class='ocr_line' id='line_1_24' title="bbox 267 1771 1775 1813; baseline 0.003 -11"><span class='ocrx_word' id='word_1_216' title='bbox 267 1773 377 1811; x_wconf 87' lang='lat' dir='ltr'>quoad</span> <span class='ocrx_word' id='word_1_217' title='bbox 409 1777 552 1808; x_wconf 83' lang='lat' dir='ltr'>textum,</span> <span class='ocrx_word' id='word_1_218' title='bbox 580 1771 795 1811; x_wconf 54' lang='lat' dir='ltr'>coniungitur.</span> <span class='ocrx_word' id='word_1_219' title='bbox 828 1782 871 1801; x_wconf 80' lang='lat' dir='ltr'>ex</span> <span class='ocrx_word' id='word_1_220' title='bbox 903 1772 999 1802; x_wconf 89' lang='lat' dir='ltr'>Italia</span> <span class='ocrx_word' id='word_1_221' title='bbox 1027 1773 1233 1803; x_wconf 87' lang='lat' dir='ltr'>meridionali</span> <span class='ocrx_word' id='word_1_222' title='bbox 1264 1774 1420 1813; x_wconf 83' lang='lat' dir='ltr'>originem</span> <span class='ocrx_word' id='word_1_223' title='bbox 1454 1775 1582 1805; x_wconf 87' lang='lat' dir='ltr'>trahere</span> <span class='ocrx_word' id='word_1_224' title='bbox 1613 1776 1775 1806; x_wconf 91' lang='lat' dir='ltr'>uidentur.</span> 
     </span>
     <span class='ocr_line' id='line_1_25' title="bbox 267 1821 1774 1866; baseline 0.003 -13"><span class='ocrx_word' id='word_1_225' title='bbox 267 1823 443 1853; x_wconf 87' lang='lat' dir='ltr'>Fuldensis</span> <span class='ocrx_word' id='word_1_226' title='bbox 459 1821 524 1864; x_wconf 81' lang='lat' dir='ltr'>(F),</span> <span class='ocrx_word' id='word_1_227' title='bbox 542 1828 577 1853; x_wconf 91' lang='lat' dir='ltr'>ut</span> <span class='ocrx_word' id='word_1_228' title='bbox 601 1823 756 1854; x_wconf 90' lang='lat' dir='ltr'>omnibus</span> <span class='ocrx_word' id='word_1_229' title='bbox 779 1829 896 1854; x_wconf 89' lang='lat' dir='ltr'>notum</span> <span class='ocrx_word' id='word_1_230' title='bbox 919 1829 978 1861; x_wconf 76' lang='lat' dir='ltr'>est,</span> <span class='ocrx_word' id='word_1_231' title='bbox 998 1824 1144 1855; x_wconf 80' lang='lat' dir='ltr'>Uictoris</span> <span class='ocrx_word' id='word_1_232' title='bbox 1163 1824 1321 1864; x_wconf 87' lang='lat' dir='ltr'>Episcopi</span> <span class='ocrx_word' id='word_1_233' title='bbox 1344 1825 1493 1865; x_wconf 87' lang='lat' dir='ltr'>Capuani</span> <span class='ocrx_word' id='word_1_234' title='bbox 1515 1827 1680 1866; x_wconf 86' lang='lat' dir='ltr'>peculium</span> <span class='ocrx_word' id='word_1_235' title='bbox 1703 1828 1774 1859; x_wconf 86' lang='lat' dir='ltr'>fuit.</span> 
     </span>
     <span class='ocr_line' id='line_1_26' title="bbox 269 1873 1773 1919; baseline 0.003 -14"><span class='ocrx_word' id='word_1_236' title='bbox 269 1875 527 1915; x_wconf 87' lang='lat' dir='ltr'>Epternacensis</span> <span class='ocrx_word' id='word_1_237' title='bbox 553 1873 619 1916; x_wconf 77' lang='grc' dir='ltr'>(ΞΡ)</span> <span class='ocrx_word' id='word_1_238' title='bbox 647 1886 691 1905; x_wconf 81' lang='lat' dir='ltr'>ex</span> <span class='ocrx_word' id='word_1_239' title='bbox 723 1876 923 1906; x_wconf 84' lang='lat' dir='ltr'>monasterio</span> <span class='ocrx_word' id='word_1_240' title='bbox 956 1875 1140 1907; x_wconf 90' lang='lat' dir='ltr'>Lucullano</span> <span class='ocrx_word' id='word_1_241' title='bbox 1168 1886 1274 1916; x_wconf 92' lang='lat' dir='ltr'>prope</span> <span class='ocrx_word' id='word_1_242' title='bbox 1301 1877 1478 1917; x_wconf 88' lang='lat' dir='ltr'>Neapolim</span> <span class='ocrx_word' id='word_1_243' title='bbox 1511 1878 1586 1916; x_wconf 90' lang='lat' dir='ltr'>sito,</span> <span class='ocrx_word' id='word_1_244' title='bbox 1613 1879 1773 1919; x_wconf 85' lang='lat' dir='ltr'>originem</span> 
     </span>
     <span class='ocr_line' id='line_1_27' title="bbox 267 1926 1775 1973; baseline 0.003 -16"><span class='ocrx_word' id='word_1_245' title='bbox 267 1937 361 1957; x_wconf 88' lang='lat' dir='ltr'>suam</span> <span class='ocrx_word' id='word_1_246' title='bbox 379 1937 457 1967; x_wconf 88' lang='lat' dir='ltr'>prae</span> <span class='ocrx_word' id='word_1_247' title='bbox 474 1937 509 1957; x_wconf 88' lang='lat' dir='ltr'>se</span> <span class='ocrx_word' id='word_1_248' title='bbox 525 1927 596 1958; x_wconf 84' lang='lat' dir='ltr'>fert.</span> <span class='ocrx_word' id='word_1_249' title='bbox 644 1927 784 1957; x_wconf 83' lang='lat' dir='ltr'>Codices</span> <span class='ocrx_word' id='word_1_250' title='bbox 800 1927 1032 1958; x_wconf 86' lang='lat' dir='ltr'>Foroiuliensis</span> <span class='ocrx_word' id='word_1_251' title='bbox 1046 1926 1104 1968; x_wconf 60' lang='grc' dir='ltr'>(ὃ),</span> <span class='ocrx_word' id='word_1_252' title='bbox 1122 1927 1380 1959; x_wconf 85' lang='lat' dir='ltr'>Mediolanensis</span> <span class='ocrx_word' id='word_1_253' title='bbox 1394 1928 1467 1971; x_wconf 68' lang='lat' dir='ltr'>(M),</span> <span class='ocrx_word' id='word_1_254' title='bbox 1484 1936 1517 1960; x_wconf 91' lang='lat' dir='ltr'>et</span> <span class='ocrx_word' id='word_1_255' title='bbox 1535 1930 1708 1962; x_wconf 90' lang='lat' dir='ltr'>Perusinus</span> <span class='ocrx_word' id='word_1_256' title='bbox 1722 1930 1775 1973; x_wconf 89' lang='lat' dir='ltr'>(P)</span> 
     </span>
     <span class='ocr_line' id='line_1_28' title="bbox 266 1978 475 2010; baseline -0.005 -1"><span class='ocrx_word' id='word_1_257' title='bbox 266 1978 374 2010; x_wconf 86' lang='lat' dir='ltr'>Italici</span> <span class='ocrx_word' id='word_1_258' title='bbox 391 1984 475 2010; x_wconf 86' lang='lat' dir='ltr'>sunt.</span> 
     </span>
    </p>

    <p class='ocr_par' dir='ltr' id='par_1_5' title="bbox 265 2029 1773 2278">
     <span class='ocr_line' id='line_1_29' title="bbox 310 2029 1773 2074; baseline 0.003 -13"><span class='ocrx_word' id='word_1_259' title='bbox 310 2031 362 2061; x_wconf 91' lang='lat' dir='ltr'>De</span> <span class='ocrx_word' id='word_1_260' title='bbox 386 2031 499 2062; x_wconf 90' lang='lat' dir='ltr'>codice</span> <span class='ocrx_word' id='word_1_261' title='bbox 524 2031 705 2061; x_wconf 82' lang='lat' dir='ltr'>Harleiano</span> <span class='ocrx_word' id='word_1_262' title='bbox 727 2029 790 2074; x_wconf 78' lang='lat' dir='ltr'>(Z).</span> <span class='ocrx_word' id='word_1_263' title='bbox 817 2031 895 2061; x_wconf 90' lang='lat' dir='ltr'>olim</span> <span class='ocrx_word' id='word_1_264' title='bbox 921 2030 1076 2068; x_wconf 87' lang='lat' dir='ltr'>Parisino,</span> <span class='ocrx_word' id='word_1_265' title='bbox 1100 2031 1180 2062; x_wconf 91' lang='lat' dir='ltr'>nihil</span> <span class='ocrx_word' id='word_1_266' title='bbox 1204 2043 1263 2072; x_wconf 88' lang='lat' dir='ltr'>pro</span> <span class='ocrx_word' id='word_1_267' title='bbox 1288 2038 1377 2063; x_wconf 87' lang='lat' dir='ltr'>certo</span> <span class='ocrx_word' id='word_1_268' title='bbox 1403 2033 1564 2063; x_wconf 89' lang='lat' dir='ltr'>audemus</span> <span class='ocrx_word' id='word_1_269' title='bbox 1589 2034 1773 2073; x_wconf 78' lang='lat' dir='ltr'>affirmare3</span> 
     </span>
     <span class='ocr_line' id='line_1_30' title="bbox 266 2082 1773 2124; baseline 0.003 -12"><span class='ocrx_word' id='word_1_270' title='bbox 266 2083 324 2113; x_wconf 91' lang='lat' dir='ltr'>sed</span> <span class='ocrx_word' id='word_1_271' title='bbox 357 2093 474 2114; x_wconf 88' lang='lat' dir='ltr'>manus</span> <span class='ocrx_word' id='word_1_272' title='bbox 505 2083 584 2123; x_wconf 67' lang='lat' dir='ltr'>ipsa,</span> <span class='ocrx_word' id='word_1_273' title='bbox 609 2088 641 2113; x_wconf 92' lang='lat' dir='ltr'>et</span> <span class='ocrx_word' id='word_1_274' title='bbox 665 2082 855 2123; x_wconf 83' lang='lat' dir='ltr'>praesertim</span> <span class='ocrx_word' id='word_1_275' title='bbox 887 2088 1039 2113; x_wconf 89' lang='lat' dir='ltr'>notarum</span> <span class='ocrx_word' id='word_1_276' title='bbox 1072 2088 1105 2113; x_wconf 93' lang='lat' dir='ltr'>et</span> <span class='ocrx_word' id='word_1_277' title='bbox 1132 2084 1372 2114; x_wconf 89' lang='lat' dir='ltr'>correctionum</span> <span class='ocrx_word' id='word_1_278' title='bbox 1401 2085 1630 2124; x_wconf 89' lang='lat' dir='ltr'>marginalium</span> <span class='ocrx_word' id='word_1_279' title='bbox 1656 2086 1773 2124; x_wconf 80' lang='lat' dir='ltr'>forma,</span> 
     </span>
     <span class='ocr_line' id='line_1_31' title="bbox 267 2134 1772 2178; baseline 0.003 -14"><span class='ocrx_word' id='word_1_280' title='bbox 267 2134 397 2165; x_wconf 89' lang='lat' dir='ltr'>Italiam</span> <span class='ocrx_word' id='word_1_281' title='bbox 436 2135 547 2175; x_wconf 87' lang='lat' dir='ltr'>potius</span> <span class='ocrx_word' id='word_1_282' title='bbox 587 2135 889 2174; x_wconf 88' lang='lat' dir='ltr'>septentrionalem,</span> <span class='ocrx_word' id='word_1_283' title='bbox 927 2145 1027 2174; x_wconf 91' lang='lat' dir='ltr'>quam</span> <span class='ocrx_word' id='word_1_284' title='bbox 1063 2134 1205 2166; x_wconf 86' lang='lat' dir='ltr'>Galliam</span> <span class='ocrx_word' id='word_1_285' title='bbox 1245 2136 1481 2177; x_wconf 89' lang='lat' dir='ltr'>transalpinam</span> <span class='ocrx_word' id='word_1_286' title='bbox 1516 2137 1568 2168; x_wconf 91' lang='lat' dir='ltr'>uel</span> <span class='ocrx_word' id='word_1_287' title='bbox 1602 2137 1772 2178; x_wconf 84' lang='lat' dir='ltr'>Angliam,</span> 
     </span>
     <span class='ocr_line' id='line_1_32' title="bbox 265 2186 1772 2232; baseline 0.003 -16"><span class='ocrx_word' id='word_1_288' title='bbox 265 2186 410 2217; x_wconf 89' lang='lat' dir='ltr'>indicare</span> <span class='ocrx_word' id='word_1_289' title='bbox 434 2187 586 2217; x_wconf 89' lang='lat' dir='ltr'>creditur.</span> <span class='ocrx_word' id='word_1_290' title='bbox 649 2187 790 2216; x_wconf 89' lang='lat' dir='ltr'>Formae</span> <span class='ocrx_word' id='word_1_291' title='bbox 818 2192 929 2217; x_wconf 86' lang='lat' dir='ltr'>tamen</span> <span class='ocrx_word' id='word_1_292' title='bbox 959 2187 1043 2217; x_wconf 91' lang='lat' dir='ltr'>duae</span> <span class='ocrx_word' id='word_1_293' title='bbox 1071 2187 1102 2217; x_wconf 92' lang='lat' dir='ltr'>in</span> <span class='ocrx_word' id='word_1_294' title='bbox 1127 2198 1165 2218; x_wconf 91' lang='lat' dir='ltr'>ea</span> <span class='ocrx_word' id='word_1_295' title='bbox 1190 2188 1390 2219; x_wconf 80' lang='lat' dir='ltr'>exhibentur</span> <span class='ocrx_word' id='word_1_296' title='bbox 1411 2188 1539 2219; x_wconf 88' lang='lat' dir='ltr'>litterae</span> <span class='ocrx_word' id='word_1_297' title='bbox 1560 2190 1592 2229; x_wconf 90' lang='lat' dir='ltr'><em>f</em></span> <span class='ocrx_word' id='word_1_298' title='bbox 1612 2188 1653 2230; x_wconf 78' lang='grc' dir='ltr'>(Ρ</span> <span class='ocrx_word' id='word_1_299' title='bbox 1669 2196 1702 2220; x_wconf 90' lang='lat' dir='ltr'>et</span> <span class='ocrx_word' id='word_1_300' title='bbox 1723 2190 1772 2232; x_wconf 72' lang='lat' dir='ltr'>F),</span> 
     </span>
     <span class='ocr_line' id='line_1_33' title="bbox 265 2238 1088 2278; baseline -0.001 -9"><span class='ocrx_word' id='word_1_301' title='bbox 265 2248 403 2277; x_wconf 89' lang='lat' dir='ltr'>quarum</span> <span class='ocrx_word' id='word_1_302' title='bbox 431 2238 535 2269; x_wconf 88' lang='lat' dir='ltr'>altera</span> <span class='ocrx_word' id='word_1_303' title='bbox 563 2238 594 2268; x_wconf 91' lang='lat' dir='ltr'>in</span> <span class='ocrx_word' id='word_1_304' title='bbox 623 2238 750 2278; x_wconf 87' lang='lat' dir='ltr'>Anglia</span> <span class='ocrx_word' id='word_1_305' title='bbox 773 2238 924 2269; x_wconf 86' lang='lat' dir='ltr'>usitatior</span> <span class='ocrx_word' id='word_1_306' title='bbox 949 2239 1088 2269; x_wconf 87' lang='lat' dir='ltr'>uidetur.</span> 
     </span>
    </p>

    <p class='ocr_par' dir='ltr' id='par_1_6' title="bbox 264 2289 1770 2481">
     <span class='ocr_line' id='line_1_34' title="bbox 310 2289 1770 2334; baseline 0.003 -14"><span class='ocrx_word' id='word_1_307' title='bbox 310 2290 449 2321; x_wconf 89' lang='lat' dir='ltr'>Codices</span> <span class='ocrx_word' id='word_1_308' title='bbox 477 2295 589 2321; x_wconf 87' lang='lat' dir='ltr'>contra</span> <span class='ocrx_word' id='word_1_309' title='bbox 617 2290 694 2326; x_wconf 86' lang='lat' dir='ltr'>OX,</span> <span class='ocrx_word' id='word_1_310' title='bbox 717 2290 772 2329; x_wconf 89' lang='lat' dir='ltr'>qui</span> <span class='ocrx_word' id='word_1_311' title='bbox 799 2289 1052 2321; x_wconf 85' lang='lat' dir='ltr'>Cantuarienses</span> <span class='ocrx_word' id='word_1_312' title='bbox 1077 2296 1159 2327; x_wconf 84' lang='lat' dir='ltr'>sunt,</span> <span class='ocrx_word' id='word_1_313' title='bbox 1183 2301 1227 2320; x_wconf 82' lang='lat' dir='ltr'>ex</span> <span class='ocrx_word' id='word_1_314' title='bbox 1254 2291 1363 2322; x_wconf 90' lang='lat' dir='ltr'>Roma</span> <span class='ocrx_word' id='word_1_315' title='bbox 1391 2291 1486 2323; x_wconf 82' lang='lat' dir='ltr'>facile</span> <span class='ocrx_word' id='word_1_316' title='bbox 1513 2293 1555 2323; x_wconf 91' lang='lat' dir='ltr'>ab</span> <span class='ocrx_word' id='word_1_317' title='bbox 1580 2293 1770 2334; x_wconf 78' lang='lat' dir='ltr'>Augustino</span> 
     </span>
     <span class='ocr_line' id='line_1_35' title="bbox 264 2341 1769 2385; baseline 0.003 -13"><span class='ocrx_word' id='word_1_318' title='bbox 264 2347 322 2372; x_wconf 85' lang='lat' dir='ltr'>aut</span> <span class='ocrx_word' id='word_1_319' title='bbox 346 2342 490 2382; x_wconf 88' lang='lat' dir='ltr'>quodam</span> <span class='ocrx_word' id='word_1_320' title='bbox 514 2342 578 2372; x_wconf 90' lang='lat' dir='ltr'>alio</span> <span class='ocrx_word' id='word_1_321' title='bbox 602 2342 662 2372; x_wconf 90' lang='lat' dir='ltr'>sub</span> <span class='ocrx_word' id='word_1_322' title='bbox 687 2341 785 2372; x_wconf 88' lang='lat' dir='ltr'>finem</span> <span class='ocrx_word' id='word_1_323' title='bbox 814 2352 836 2371; x_wconf 92' lang='lat' dir='ltr'>s.</span> <span class='ocrx_word' id='word_1_324' title='bbox 855 2341 923 2371; x_wconf 86' lang='lat' dir='ltr'>VII</span> <span class='ocrx_word' id='word_1_325' title='bbox 945 2342 1075 2373; x_wconf 87' lang='lat' dir='ltr'>aduecti</span> <span class='ocrx_word' id='word_1_326' title='bbox 1098 2342 1327 2381; x_wconf 87' lang='lat' dir='ltr'>credebantur,</span> <span class='ocrx_word' id='word_1_327' title='bbox 1349 2344 1402 2374; x_wconf 91' lang='lat' dir='ltr'>uel</span> <span class='ocrx_word' id='word_1_328' title='bbox 1428 2349 1543 2383; x_wconf 90' lang='lat' dir='ltr'>postea</span> <span class='ocrx_word' id='word_1_329' title='bbox 1567 2355 1586 2375; x_wconf 90' lang='lat' dir='ltr'>a</span> <span class='ocrx_word' id='word_1_330' title='bbox 1609 2345 1769 2385; x_wconf 83' lang='lat' dir='ltr'>Gregorio</span> 
     </span>
     <span class='ocr_line' id='line_1_36' title="bbox 264 2392 1769 2435; baseline 0.003 -12"><span class='ocrx_word' id='word_1_331' title='bbox 264 2393 391 2434; x_wconf 89' lang='lat' dir='ltr'>Magno</span> <span class='ocrx_word' id='word_1_332' title='bbox 408 2394 588 2424; x_wconf 88' lang='lat' dir='ltr'>transmissi</span> <span class='ocrx_word' id='word_1_333' title='bbox 604 2405 610 2429; x_wconf 85' lang='grc'>;</span> <span class='ocrx_word' id='word_1_334' title='bbox 634 2393 710 2423; x_wconf 91' lang='lat' dir='ltr'>uide</span> <span class='ocrx_word' id='word_1_335' title='bbox 727 2392 905 2431; x_wconf 75' lang='lat' dir='ltr'>Baedam¹‚</span> <span class='ocrx_word' id='word_1_336' title='bbox 922 2394 978 2433; x_wconf 89' lang='lat' dir='ltr'>qui</span> <span class='ocrx_word' id='word_1_337' title='bbox 996 2394 1079 2424; x_wconf 90' lang='lat' dir='ltr'>inter</span> <span class='ocrx_word' id='word_1_338' title='bbox 1095 2394 1158 2424; x_wconf 87' lang='lat' dir='ltr'>alia</span> <span class='ocrx_word' id='word_1_339' title='bbox 1176 2395 1321 2425; x_wconf 76' lang='lat' dir='ltr'>‘codices</span> <span class='ocrx_word' id='word_1_340' title='bbox 1339 2395 1516 2435; x_wconf 88' lang='lat' dir='ltr'>plurimos&#39;</span> <span class='ocrx_word' id='word_1_341' title='bbox 1534 2396 1575 2426; x_wconf 91' lang='lat' dir='ltr'>ab</span> <span class='ocrx_word' id='word_1_342' title='bbox 1593 2407 1631 2426; x_wconf 92' lang='lat' dir='ltr'>eo</span> <span class='ocrx_word' id='word_1_343' title='bbox 1652 2397 1769 2428; x_wconf 89' lang='lat' dir='ltr'>missos</span> 
     </span>
     <span class='ocr_line' id='line_1_37' title="bbox 264 2444 1767 2481; baseline 0.003 -6"><span class='ocrx_word' id='word_1_344' title='bbox 264 2450 511 2481; x_wconf 83' lang='lat' dir='ltr'>commemorat,</span> <span class='ocrx_word' id='word_1_345' title='bbox 544 2450 576 2475; x_wconf 90' lang='lat' dir='ltr'>et</span> <span class='ocrx_word' id='word_1_346' title='bbox 607 2445 719 2476; x_wconf 90' lang='lat' dir='ltr'>confer</span> <span class='ocrx_word' id='word_1_347' title='bbox 747 2445 927 2476; x_wconf 87' lang='lat' dir='ltr'>Iohannem</span> <span class='ocrx_word' id='word_1_348' title='bbox 960 2444 1180 2476; x_wconf 77' lang='lat' dir='ltr'>Diaconum2.</span> <span class='ocrx_word' id='word_1_349' title='bbox 1239 2446 1415 2477; x_wconf 85' lang='lat' dir='ltr'>Lectiones</span> <span class='ocrx_word' id='word_1_350' title='bbox 1447 2453 1557 2478; x_wconf 89' lang='lat' dir='ltr'>autem</span> <span class='ocrx_word' id='word_1_351' title='bbox 1588 2448 1620 2478; x_wconf 89' lang='lat' dir='ltr'>in</span> <span class='ocrx_word' id='word_1_352' title='bbox 1651 2448 1767 2479; x_wconf 89' lang='lat' dir='ltr'>iisdem</span> 
     </span>
    </p>
   </div>
   <div class='ocr_carea' id='block_1_4' title="bbox 657 2516 1218 2521">
    <p class='ocr_par' dir='ltr' id='par_1_7' title="bbox 657 2516 1218 2521">
     <span class='ocr_line' id='line_1_38' title="bbox 657 2516 1218 2521; baseline 0 0"><span class='ocrx_word' id='word_1_353' title='bbox 657 2516 1218 2521; x_wconf 95' lang='lat' dir='ltr'> </span> 
     </span>
    </p>
   </div>
   <div class='ocr_carea' id='block_1_5' title="bbox 264 2551 1769 2661">
    <p class='ocr_par' dir='ltr' id='par_1_8' title="bbox 264 2551 1769 2661">
     <span class='ocr_line' id='line_1_39' title="bbox 294 2551 1769 2590; baseline 0.003 -16"><span class='ocrx_word' id='word_1_354' title='bbox 294 2551 301 2564; x_wconf 90' lang='lat'><strong>¹</strong></span> <span class='ocrx_word' id='word_1_355' title='bbox 320 2552 389 2574; x_wconf 75' lang='lat' dir='ltr'>Hist.</span> <span class='ocrx_word' id='word_1_356' title='bbox 403 2551 467 2574; x_wconf 73' lang='lat' dir='ltr'>Eccl.</span> <span class='ocrx_word' id='word_1_357' title='bbox 486 2551 501 2574; x_wconf 89' lang='lat' dir='ltr'>i.</span> <span class='ocrx_word' id='word_1_358' title='bbox 517 2559 558 2582; x_wconf 77' lang='lat'>29..</span> <span class='ocrx_word' id='word_1_359' title='bbox 1017 2580 1018 2590; x_wconf 17' lang='grc' dir='ltr'>ἵ</span> <span class='ocrx_word' id='word_1_360' title='bbox 1066 2561 1089 2584; x_wconf 90' lang='lat' dir='ltr'>p.</span> <span class='ocrx_word' id='word_1_361' title='bbox 1108 2559 1195 2584; x_wconf 69' lang='lat'>172-3„</span> <span class='ocrx_word' id='word_1_362' title='bbox 1214 2562 1243 2578; x_wconf 81' lang='lat' dir='ltr'>ex</span> <span class='ocrx_word' id='word_1_363' title='bbox 1262 2554 1316 2578; x_wconf 87' lang='lat' dir='ltr'>cod.</span> <span class='ocrx_word' id='word_1_364' title='bbox 1335 2554 1483 2577; x_wconf 84' lang='lat' dir='ltr'>Bibliothec.</span> <span class='ocrx_word' id='word_1_365' title='bbox 1500 2554 1581 2577; x_wconf 79' lang='lat' dir='ltr'>Aulae</span> <span class='ocrx_word' id='word_1_366' title='bbox 1599 2554 1622 2577; x_wconf 88' lang='lat' dir='ltr'>S.</span> <span class='ocrx_word' id='word_1_367' title='bbox 1638 2554 1769 2578; x_wconf 79' lang='lat' dir='ltr'>Trinitatis</span> 
     </span>
     <span class='ocr_line' id='line_1_40' title="bbox 295 2590 1406 2624; baseline 0.005 -12"><span class='ocrx_word' id='word_1_368' title='bbox 295 2590 305 2603; x_wconf 85' lang='lat'><em>²</em></span> <span class='ocrx_word' id='word_1_369' title='bbox 322 2590 351 2613; x_wconf 83' lang='lat' dir='ltr'>In</span> <span class='ocrx_word' id='word_1_370' title='bbox 368 2590 422 2613; x_wconf 70' lang='lat' dir='ltr'>uita</span> <span class='ocrx_word' id='word_1_371' title='bbox 440 2591 466 2613; x_wconf 78' lang='lat' dir='ltr'>S.</span> <span class='ocrx_word' id='word_1_372' title='bbox 483 2590 597 2620; x_wconf 58' lang='lat' dir='ltr'>Gngam&#39;i</span> <span class='ocrx_word' id='word_1_373' title='bbox 613 2590 638 2613; x_wconf 84' lang='lat' dir='ltr'>ii.</span> <span class='ocrx_word' id='word_1_374' title='bbox 653 2597 697 2621; x_wconf 74' lang='lat'>373</span> <span class='ocrx_word' id='word_1_375' title='bbox 717 2591 747 2615; x_wconf 84' lang='lat' dir='ltr'>cf.</span> <span class='ocrx_word' id='word_1_376' title='bbox 765 2591 799 2614; x_wconf 93' lang='lat' dir='ltr'>H.</span> <span class='ocrx_word' id='word_1_377' title='bbox 813 2591 921 2622; x_wconf 71' lang='lat' dir='ltr'>Wanley</span> <span class='ocrx_word' id='word_1_378' title='bbox 937 2592 961 2615; x_wconf 87' lang='lat' dir='ltr'>in</span> <span class='ocrx_word' id='word_1_379' title='bbox 1016 2591 1018 2618; x_wconf 71' lang='lat' dir='ltr'>l</span> <span class='ocrx_word' id='word_1_380' title='bbox 1066 2593 1274 2624; x_wconf 80' lang='lat' dir='ltr'>Cantabrigiensis</span> <span class='ocrx_word' id='word_1_381' title='bbox 1291 2602 1353 2617; x_wconf 81' lang='lat' dir='ltr'>saec.</span> <span class='ocrx_word' id='word_1_382' title='bbox 1367 2602 1406 2617; x_wconf 60' lang='lat' dir='ltr'>XV.</span> 
     </span>
     <span class='ocr_line' id='line_1_41' title="bbox 264 2625 1017 2661; baseline 0.003 -8"><span class='ocrx_word' id='word_1_383' title='bbox 264 2630 377 2659; x_wconf 73' lang='lat' dir='ltr'>catalogo</span> <span class='ocrx_word' id='word_1_384' title='bbox 395 2629 516 2652; x_wconf 70' lang='lat' dir='ltr'>librarum</span> <span class='ocrx_word' id='word_1_385' title='bbox 529 2629 775 2660; x_wconf 68' lang='lat' dir='ltr'>Ssplenltionalimn,</span> <span class='ocrx_word' id='word_1_386' title='bbox 792 2631 872 2655; x_wconf 84' lang='lat' dir='ltr'>Oxou.</span> <span class='ocrx_word' id='word_1_387' title='bbox 889 2637 959 2661; x_wconf 74' lang='lat'><strong>1705,</strong></span> <span class='ocrx_word' id='word_1_388' title='bbox 1015 2625 1017 2659; x_wconf 73' lang='lat' dir='ltr'>l</span> 
     </span>
    </p>
   </div>
  </div>
 </body>
</html>
