2209 3147
387 248 402 279 X)

674 334 733 356 l‘ar.
748 333 806 356 Lal.
820 332 852 356 6⁸.

427 382 492 410 ione
517 402 521 408 .
540 386 567 409 et
589 381 625 409 (Ie
648 382 746 417 regina
768 381 853 409 austri
877 403 881 408 .
903 387 930 409 et
952 381 1020 409 uiris
1043 380 1137 408 ninni-

426 428 492 456 uitis
506 450 510 455 .
524 434 551 456 et
567 437 654 456 nemo
670 428 802 456 accendit
817 428 963 457 lucernam
979 434 1006 456 et
1022 427 1138 455 lucerna

427 475 554 512 corporis
569 476 608 503 tui
623 475 740 504 occulus
755 481 827 504 tuus.

387 520 520 550 XXXVH.
543 522 577 550 In
605 523 694 551 domo
721 523 845 560 pharisei
875 523 1048 551 recumbens
1073 543 1078 548 .
1103 521 1138 548 de

427 569 514 597 calice
531 574 558 598 et
578 569 674 598 catino
690 570 758 598 dicit
775 592 780 597 .
797 576 824 598 et
840 570 905 598 date
925 570 1114 598 elemosinam
1131 590 1137 596 .

427 623 453 644 et
469 616 518 653 qti
534 616 682 645 decimatis
698 622 826 645 mentam
843 623 866 645 et
885 622 987 645 cetera.

386 662 531 691 XXXVffl.
547 663 591 691 De
604 664 703 701 primis
715 663 856 692 chatedris
869 664 960 701 arguit
975 663 1139 700 phariseos.

427 716 453 739 et
466 711 534 748 quia
550 711 605 738 sint
621 716 811 739 monumenta
825 734 830 739 .
846 717 873 739 et
890 711 1003 738 tulerint
1018 710 1138 738 clauem.

387 756 543 785 XXXVUH.
566 758 791 787 Adtendendum
813 768 828 786 a
849 759 990 787 fermento
1012 757 1139 795 pharise-

427 814 511 833 orum
529 828 533 833 .
550 811 576 834 et
602 815 660 833 non
687 806 831 834 timendos
855 815 905 834 eos
932 805 980 842 qui
1004 804 1139 833 occidunt

427 861 534 889 corpus
551 875 556 880 .
572 857 600 880 et
615 852 650 880 de
674 853 838 890 passeribus
853 858 879 880 et
900 852 1009 889 capillis
1026 874 1031 880 .
1048 857 1075 880 et
1090 851 1138 888 qui

427 899 456 927 in
486 900 617 937 spiritum
646 905 778 928 sanctum
810 899 1050 937 blasphemauerit
1076 922 1081 927 .
1111 904 1139 926 et

428 946 515 975 nolite
532 947 658 984 cogitare
673 947 743 983 quid
760 947 917 983 loquamini
941 969 947 974 .
970 952 997 974 et
1013 946 1077 983 quis
1092 955 1138 973 me

427 994 573 1022 constituit
590 993 721 1022 iudicem.

387 1040 449 1069 XL.
473 1041 577 1069 Diuitis
599 1041 748 1069 cuiusdam
772 1042 873 1069 uberes
896 1041 1002 1069 fructus
1024 1040 1139 1068 attulit.

428 1094 456 1116 et
479 1089 519 1117 sic
542 1089 590 1126 qui
614 1098 672 1116 non
695 1093 738 1116 est
761 1089 789 1116 in
813 1088 868 1117 deo
891 1088 970 1116 diues
987 1110 992 1115 .
1008 1093 1035 1116 et
1052 1087 1139 1116 nolite

428 1136 538 1166 solliciti
563 1136 658 1163 anime
684 1158 689 1163 .
717 1141 744 1163 et
774 1136 952 1164 considerate
978 1144 1083 1164 coruos
1112 1139 1140 1162 et

427 1183 493 1211 lilia.

387 1229 467 1258 XLI.
490 1229 587 1258 Nolite
608 1230 707 1258 timere
729 1229 848 1266 pusillus
869 1239 939 1266 grex
957 1252 962 1257 .
979 1235 1006 1258 et
1025 1229 1140 1258 uendite

427 1283 455 1305 et
479 1277 542 1305 date
565 1277 753 1305 elemosinam
781 1299 786 1304 .
811 1282 839 1305 et
862 1277 937 1305 beati
969 1277 1043 1306 serui
1066 1286 1140 1314 quos

428 1324 563 1352 (lominus
583 1324 722 1352 inuenerit
742 1323 894 1359 uigilantes
917 1346 922 1352 .
945 1330 973 1352 et
995 1324 1032 1353 de
1054 1333 1139 1352 seruo

427 1372 573 1409 preposito
597 1371 692 1399 danda
715 1371 820 1399 cibaria
844 1393 849 1398 .
871 1377 897 1399 et
920 1372 1068 1409 uapulabit
1088 1393 1092 1399 .
1111 1376 1139 1399 et

427 1419 473 1447 cui
489 1418 619 1446 multum.

387 1465 482 1494 XLII.
507 1465 609 1502 Ignem
627 1465 693 1494 ueni
710 1465 820 1494 mittere
838 1487 843 1493 .
858 1471 885 1494 et
901 1475 960 1493 non
982 1475 1082 1503 pacem
1099 1471 1140 1494 set

428 1512 554 1549 gladium
573 1534 578 1539 .
594 1517 621 1540 et
638 1511 739 1540 faciem
753 1512 825 1540 caeli
842 1513 932 1541 nostis
948 1513 1072 1550 probare
1089 1534 1096 1541 .
1113 1517 1140 1541 et

428 1559 465 1587 da
479 1568 598 1596 operam
614 1559 649 1587 de
665 1559 830 1587 aduersario
845 1559 966 1587 liberari.

388 1606 499 1634 XLIII.
522 1606 566 1634 De
593 1606 703 1643 galileis
726 1615 848 1643 quorum
876 1607 1046 1643 sanguinem
1069 1606 1140 1635 fudit

430 1653 554 1681 herodes
579 1675 584 1680 .
607 1659 634 1681 et
660 1653 694 1681 (le
721 1653 773 1681 illis
798 1653 898 1681 decem
923 1658 950 1681 et
976 1659 1043 1682 octo
1066 1663 1139 1691 quos

428 1700 530 1737 pressit
556 1700 639 1727 turris
662 1722 669 1728 .
692 1705 720 1728 et
743 1700 778 1727 de
804 1701 905 1728 arbore
932 1701 976 1728 fici
1001 1701 1030 1728 in
1056 1701 1140 1729 uinea

429 1747 567 1784 plantata.

389 1793 511 1822 XLIII¹.
535 1793 579 1821 De
601 1794 718 1822 muliere
735 1804 789 1832 que
813 1795 896 1823 annis
912 1795 1012 1823 decem
1027 1800 1055 1823 et
1072 1800 1139 1823 octo

430 1840 521 1869 fuerat
536 1841 633 1869 inclita
649 1863 654 1868 .
671 1847 698 1869 et
714 1841 748 1869 (lc
771 1842 852 1869 asino
873 1847 899 1870 et
921 1843 995 1870 boue
1016 1842 1117 1870 solutis
1133 1864 1139 1870 .

429 1895 457 1916 et
473 1888 508 1916 de
523 1897 617 1924 grano
629 1888 736 1925 sinapis
748 1889 827 1925 quod
843 1890 930 1917 creuit
946 1890 974 1916 in
990 1890 1139 1921 arborem,

429 1940 457 1963 et
472 1935 506 1963 de
522 1934 663 1963 fermento
679 1936 757 1972 quod
773 1941 922 1973 acceptum
939 1937 1047 1965 mulier.

390 1981 482 2009 XLV.
505 1981 680 2010 Contendite
704 1992 754 2019 per
776 1988 929 2019 angustam
948 1988 1062 2020 portam
1082 2006 1088 2012 .
1111 1989 1139 2012 et

431 2029 527 2056 dicent
551 2028 619 2056 mihi
643 2028 760 2057 domine
783 2030 858 2066 aperi
882 2030 965 2058 nobis
984 2052 989 2057 .
1007 2036 1034 2058 et
1058 2036 1140 2059 erunt

431 2076 580 2103 nouissimi
598 2076 679 2112 primi
697 2098 702 2104 .
719 2083 745 2105 et
761 2077 828 2113 quia
850 2076 970 2105 herodes
988 2077 1053 2105 uelit
1073 2087 1138 2106 eum

430 2122 569 2151 occidere,

390 2169 497 2198 XLVI.
522 2169 617 2197 Hirlffi
641 2169 722 2198 hirlm
747 2180 803 2208 que
827 2171 934 2199 occidis
958 2172 1111 2209 prophetas
1135 2193 1139 2199 .

431 2222 458 2245 et
474 2217 566 2245 donec
584 2216 682 2245 dicatis
698 2217 866 2245 benedictus
881 2218 929 2255 qui
946 2219 1031 2247 uenit⁴

391 2263 517 2291 XLVII.
549 2264 746 2301 Hidropicum
773 2270 855 2292 sanat
878 2287 883 2292 .
905 2270 933 2292 et
954 2266 1033 2301 quod
1056 2267 1094 2294 ait
1118 2266 1140 2294 si

433 2311 530 2338 asinus
557 2316 605 2339 aut
631 2311 685 2339 bos
709 2311 737 2338 in
767 2317 885 2348 puteum
915 2312 997 2339 cadat
1023 2334 1028 2339 .
1055 2318 1081 2340 et
1111 2318 1141 2341 ut

434 2363 549 2394 rogatus
567 2357 681 2386 inferius
696 2358 849 2386 accumbat
866 2380 871 2385 .
890 2358 957 2396 quia
972 2359 1019 2396 qui
1041 2368 1070 2387 se
1091 2370 1141 2387 ex-

433 2404 501 2432 altat
517 2427 522 2432 .
538 2410 565 2432 et
584 2414 643 2432 non
663 2405 763 2433 diuites
783 2405 944 2442 pascendos
965 2411 991 2433 et
1012 2406 1046 2433 (le
1067 2407 1140 2434 inui-

433 2451 498 2478 tatis
513 2451 560 2488 qui
576 2452 672 2479 uenire
688 2451 848 2480 noluerunt.

393 2496 526 2525 XLV111.
550 2497 607 2533 Qui
631 2508 689 2526 non
705 2499 763 2527 odit
785 2505 892 2536 patrem
908 2503 936 2527 et
956 2504 1076 2528 matrem
1093 2522 1099 2527 .
1115 2506 1141 2528 ct

407 250 449 270 00
1056 237 1297 268 EPJLOGUS.

1479 329 1539 352 l'ar.
1554 328 1608 351 Lat.
1624 333 1678 358 277.

1191 753 1289 781 XVII.
1320 752 1461 781 Phariseis
1486 753 1649 782 uolentibus
1671 761 1737 781 cum
1767 761 1802 780 eo
1825 757 1944 780 conten-

1231 801 1298 829 dere
1323 799 1479 838 discipulos
1504 800 1588 828 docet
1617 805 1647 828 ut
1675 808 1776 828 eorum
1802 798 1944 827 fallaciam

1233 853 1363 876 caueant.

1192 1608 1306 1637 XVIII.
1333 1607 1408 1637 Cum
1438 1607 1464 1635 ei
1493 1607 1662 1635 nunciatum
1692 1606 1789 1634 suisset
1818 1605 1945 1643 galyleos

1232 1656 1342 1684 otiosos
1357 1658 1457 1683 monet
1472 1654 1618 1691 agendum
1631 1653 1834 1690 penitenciam.

1194 2266 1323 2295 XVIIII.
1341 2266 1468 2295 Sabbato
1481 2272 1559 2295 curat
1574 2267 1744 2304 ydropicum
1758 2289 1763 2295 .
1777 2266 1817 2294 sal
1833 2266 1941 2294 fatuum

1234 2325 1297 2345 esse
1313 2325 1371 2344 non
1387 2316 1493 2344 debere
1509 2316 1750 2344 murmurantibus
1765 2315 1911 2353 phariseis.

431 2596 576 2619 x(XXVIII.
596 2601 775 2621 monumenta
787 2606 792 2620 ε
808 2598 879 2621 codex
891 2603 1026 2622 monumta.

429 2629 481 2652 XL.
500 2630 621 2653 fructus:
642 2630 736 2660 srugtus
748 2634 804 2661 mp.
848 2638 904 2654 uon
918 2634 960 2654 est
973 2635 1024 2661 sup.
1039 2631 1085 2654 lin,
1099 2639 1143 2655 ην.

1228 2598 1325 2621 XVIII.
1344 2600 1449 2622 otiosos
1455 2598 1546 2629 forsan
1560 2599 1630 2629 lapsu
1639 2602 1686 2628 pro
1697 2598 1798 2621 occisos.
