2209 3147
320 251 381 282 290
799 239 1025 269 CAPITULA
1054 238 1111 267 IN
1132 235 1452 266 EUANGELJUM

483 326 583 349 AHVY
594 325 670 348 Harl.
685 329 754 355 2797.
1157 322 1234 348 CiTt.
1478 319 1925 349 BoJ<hrezce530xpar.Lat.10433.

320 372 428 401 XLIX.
458 372 623 400 Lucernam
648 371 748 399 dicens
774 379 834 398 non
858 379 920 399 esse
1014 370 1051 398 Et
1075 370 1223 397 lucernam
1247 376 1333 404 super
1354 376 1422 394 can-

360 421 413 448 sub
428 419 529 448 modio
541 419 610 456 poni
624 418 741 446 oculum
754 418 839 446 docet
853 418 920 446 sim·
1056 416 1206 444 delabrum
1221 415 1300 452 poni.

361 468 464 505 piicem
480 476 544 495 esse
560 465 674 494 debere.
1014 465 1050 492 Et
1074 463 1153 501 quod
1174 462 1297 490 hoculus
1325 462 1358 488 sit
1383 461 1423 489 Iu-

1056 520 1141 539 cerna
1156 510 1295 546 corporis.

320 561 353 590 L.
376 561 465 598 Apud
481 560 666 597 pharisaeum
682 559 824 596 prandere
837 567 920 595 roga·
1015 559 1095 595 Aput
1110 557 1275 594 phariseum
1288 556 1424 583 inuitatus
1476 559 1635 587 lauandum
1651 559 1747 596 potius
1760 558 1839 595 quod
1851 559 1927 587 imus

360 614 406 637 tus
421 608 599 645 cogitantem
618 607 654 635 de
675 606 793 635 iudaico
814 606 921 643 baptis·
1056 604 1214 633 lauandum
1233 603 1329 640 potius
1344 603 1424 640 quod
1518 611 1560 634 est
1575 605 1740 634 elemosinis
1753 606 1928 643 pronuntiat,

361 660 437 683 mate
447 659 553 683 notans
563 659 590 682 et
600 663 654 681 uae
661 653 818 691 pharisaeis
829 653 921 681 sexies
933 668 935 671 ·
1056 653 1133 680 intus
1156 656 1218 679 aest
1239 650 1424 679 aelemosinis

361 703 461 731 dicens
473 701 564 729 multa
575 710 677 729 eorum
690 701 766 728 mala
781 700 921 737 coarguit.
1057 699 1224 736 pronuntiat
1272 698 1424 734 increpans

1057 746 1163 774 multos
1186 745 1355 782 pharisaeos
1379 749 1425 771 aet

1057 793 1129 829 legis
1144 793 1287 821 doctores.

320 843 370 872 LI.
393 843 549 880 Discipulis
562 842 701 879 praecipit
713 846 740 870 et
753 851 769 869 a
781 841 922 869 fermento
976 843 1056 870 XII.
1080 840 1270 868 Pharisaeis
1282 839 1425 867 uolenti·
1479 840 1548 868 XII.
1566 840 1592 867 A
1603 839 1761 877 pharisaeis
1771 843 1872 866 monet
1884 847 1929 866 ca-

362 890 521 928 hypocrisis
537 899 639 917 cauere
655 894 683 917 et
694 898 745 918 eos
758 889 805 927 qui
817 897 923 926 corpus
1057 890 1122 916 bus
1151 895 1229 915 eum
1260 895 1320 914 aeo
1349 894 1425 914 eon·
1520 887 1649 915 nendum
1660 896 1692 914 ac
1703 885 1931 914 nontimendum

362 937 499 966 occidunt
515 945 576 964 non
591 941 720 964 metuere
736 945 789 964 nec
810 936 839 963 in
859 945 922 973 per-
1057 937 1196 963 tendere
1520 944 1571 963 eos
1586 935 1635 972 qui
1651 942 1758 970 corpus
1774 932 1911 961 occidunt

362 984 512 1013 secutione
530 983 599 1021 quid
621 983 744 1012 locuturi
766 983 822 1011 sint
843 982 923 1019 cogi·
1017 982 1174 1019 discipulos
1207 981 1304 1017 palam
1340 980 1426 1008 docet

362 1037 430 1060 tare.
1058 1030 1108 1057 hut
1147 1037 1247 1057 eorum
1284 1027 1426 1055 fallaciam

1058 1080 1180 1105 caueant
1196 1081 1223 1103 et
1239 1084 1306 1103 eum
1325 1075 1427 1102 timent

1058 1124 1107 1161 qui
1120 1128 1215 1160 potest
1226 1127 1292 1159 post
1303 1128 1427 1149 mortem

1058 1172 1085 1198 in
1102 1179 1249 1208 geennam
1265 1170 1386 1197 mittere.

1019 1219 1055 1247 Et
1068 1219 1164 1255 plures
1177 1226 1258 1245 aesse
1270 1216 1427 1253 discipulos

1060 1266 1189 1304 quinque
1205 1264 1370 1302 passeribus
1387 1263 1428 1290 di-

1060 1312 1170 1350 pondio
1185 1311 1358 1340 uolantibus.

1020 1360 1057 1387 Et
1079 1364 1234 1397 negantem
1258 1368 1289 1387 se
1308 1363 1429 1394 negatu-

1062 1416 1134 1434 rum.

1021 1454 1057 1482 Et
1074 1454 1207 1491 peccanti
1223 1453 1252 1480 in
1269 1453 1367 1490 spiritu
1380 1455 1429 1479 sco

1064 1510 1123 1529 non
1140 1500 1353 1528 remittendum.

1023 1548 1060 1576 Et
1082 1557 1141 1575 non
1157 1547 1345 1584 cogitandum
1362 1545 1430 1583 quid

1064 1595 1262 1632 adprehensus
1277 1594 1418 1631 loquatur.

327 1646 392 1675 LII.
417 1646 530 1674 Petenti
546 1645 673 1683 quodam
690 1645 763 1673 inter
780 1654 810 1673 se
826 1650 854 1673 et
871 1645 928 1673 fra·
1024 1643 1136 1671 Petenti
1180 1641 1329 1679 respondit
1373 1649 1433 1668 non
1487 1650 1594 1688 petenti
1606 1650 1752 1686 respondit
1764 1659 1794 1677 SC
1806 1657 1864 1677 non
1872 1658 1936 1677 3553

369 1700 441 1722 trem
451 1702 536 1722 suum
549 1693 637 1721 diuidi
649 1692 834 1720 hereditatem
847 1702 928 1730 para-
1065 1699 1145 1718 aesse
1170 1689 1325 1717 diuisorem
1352 1687 1433 1715 here-
1528 1697 1683 1725 diuisores-ss
1693 1696 1857 1725 hereditatis
1868 1706 1936 1724 cum

369 1741 468 1770 bolam
487 1741 569 1778 ponit
588 1740 624 1768 de
645 1740 732 1767 diuite
753 1749 842 1768 auaro
861 1749 929 1772 mox
1066 1737 1168 1765 ditatis-
1528 1743 1742 1771 similitudinem
1770 1744 1866 1771 diuitis
1889 1744 1936 1771 cui

370 1794 397 1817 et
433 1787 581 1824 discipulis
617 1786 839 1815 sollicitudinem
874 1787 929 1815 cibi
1025 1784 1248 1813 Similitudinem
1291 1783 1353 1810 eius
1389 1782 1434 1810 cui
1528 1791 1617 1819 multa
1632 1791 1711 1819 bona
1726 1796 1793 1819 nata
1810 1790 1922 1819 sueram

369 1836 515 1872 uestisque
545 1844 602 1872 qua
627 1839 726 1862 carent
751 1843 820 1862 aues
846 1843 930 1870 prae·
1066 1831 1155 1859 multa
1178 1835 1245 1858 nata
1267 1835 1333 1858 sunt
1355 1829 1435 1857 cuins

371 1883 439 1919 cipit
455 1882 632 1910 euitandam.
1067 1879 1165 1907 anima
1204 1877 1306 1906 eadem
1349 1881 1435 1904 noete

1067 1931 1220 1963 peteretur.

364 2014 617 2052 XLIX3ponendam
633 2014 742 2037 VHarl.
788 2048 792 2051 ²
987 2014 1059 2037 Alex.
1077 2020 1120 2039 10:
1144 2012 1293 2048 em-adfitt.
1311 2015 1334 2035 et
1356 2015 1437 2034 custo-
1524 2016 1568 2039 XI.
1588 2014 1740 2047 praenuntiat
1753 2015 1776 2038 O

365 2047 392 2070 L.
413 2051 540 2084 cogitante
550 2047 626 2070 Harl.
657 2047 793 2078 pharissaer
805 2047 843 2075 H;
855 2047 934 2071 om.V.
987 2047 1057 2082 diunt
1075 2046 1159 2082 Tho-m..
1195 2049 1218 2081 et
1236 2052 1335 2082 reginae
1353 2045 1376 2067 T
1374 2044 1436 2067 lwm-
1523 2049 1583 2072 XII.
1602 2050 1813 2079 occidunt÷pro
1821 2048 1941 2072 diuisione

366 2080 408 2103 LI.
428 2084 553 2117 praeceplt
564 2080 622 2102 HV.
653 2083 781 2111 om.etpr.
792 2080 821 2103 V.
851 2084 935 2104 cauete
991 2084 1016 2105 >
1037 2087 1060 2102 m
1083 2079 1175 2101 iudicio
1193 2078 1253 2101 dicit
1272 2080 1324 2101 tore
1344 2077 1437 2100 Thom:
1490 2081 1633 2105 hereditatis
1652 2085 1752 2112 rogatus
1772 2082 1858 2111 10438,
1893 2084 1941 2105 he-

335 2113 368 2136 H.
404 2117 544 2144 cogitarunt
558 2113 588 2135 V·
745 2145 749 2150 .
989 2113 1097 2142 increpat
1115 2112 1164 2135 Uul
1173 2118 1180 2133 :
1200 2117 1271 2146 4²²1:
1491 2116 1548 2138 red,
1560 2121 1575 2137 ÷
1585 2114 1627 2137 ubi
1640 2114 1708 2137 iubet
1721 2114 1767 2137 dfis
1780 2122 1824 2145 pro
1837 2114 1904 2138 uictu
1917 2118 1941 2137 et

367 2146 424 2169 LII.
442 2154 488 2170 om.
501 2154 556 2174 qua.
571 2146 601 2169 Y.
638 2149 762 2177 praecepit
776 2145 808 2169 H.
1022 2145 1081 2167 XII.
1100 2147 1335 2171 potest÷an1mam
1354 2143 1437 2165 Tlmm.
1492 2147 1581 2171 uestitu
1612 2155 1661 2170 non
1690 2147 1829 2170 habendam
1858 2155 1942 2170 euram

990 2177 1042 2208 (scd
1055 2185 1100 2199 om.
1118 2177 1162 2200 al.)
1198 2177 1377 2199 uolantibus:
1398 2182 1439 2197 ua-
1494 2181 1578 2210 10438,
1633 2179 1794 2203 similitudine
1843 2180 1942 2203 EffiJoc

989 2210 1096 2233 lentibus
1134 2210 1157 2232 T
1155 2209 1217 2232 stom.
1264 2209 1288 2231 in
1327 2208 1438 2239 spirltum
1496 2213 1580 2236 lem.
1616 2215 1683 2236 nata
1697 2214 1728 2236 fu
1744 2212 1851 2236 euanuit
1867 2213 1895 2236 in
1910 2213 1941 2236 X.

990 2247 1100 2265 sanetum
1122 2242 1204 2265 Tlmm.
1240 2243 1438 2269 cogitandum:
1491 2254 1536 2269 om,
1551 2249 1614 2269 nata
1626 2246 1656 2269 O,

990 2275 1092 2305 cogitari
1121 2275 1179 2297 dum
1212 2274 1294 2297 Thotn⁴
1339 2275 1438 2301 adpre-

990 2310 1109 2330 hensus:
1128 2307 1333 2338 compraehensus
1350 2307 1382 2329 al.
1400 2310 1439 2336 ap.

996 2340 1079 2363 leom.
1092 2341 1238 2367 respondjt
1246 2346 1262 2363 «ὶ-
1273 2348 1297 2362 se
1308 2340 1390 2363 Tlmm.
1405 2341 1440 2361 si-

991 2374 1183 2396 militudinem
1193 2379 1209 2396 ÷
1219 2372 1343 2403 proferens
1356 2372 1439 2395 Tham.

992 2413 1041 2428 mm
1051 2409 1134 2428 aulem
1143 2406 1214 2428 Alex,
1227 2411 1257 2435 14
1266 2409 1288 2428 el
1301 2405 1358 2429 Ναί.
1368 2411 1441 2435 4221.

992 2442 1143 2469 expeteretur
1154 2438 1186 2461 al.
1199 2441 1238 2468 ap.
1256 2438 1339 2461 lem.
