2258 3157
205 366 570 408 SECUNDUM
623 365 843 405 MATTH
853 366 1006 405 EUM.

202 483 349 515 capitulatio
360 483 483 515 euangelii
490 483 598 507 secundi-1
609 483 735 506 matheum
744 483 776 511 G,
785 483 893 514 capitula
906 483 1028 514 euangelii
1041 482 1174 506 secundum
1188 482 1348 511 matthaeum,
1357 486 1379 505 ct
1387 483 1471 506 breues
1481 482 1615 506 secundum
1624 483 1776 506 matthaeum
1784 482 1811 505 J.

202 525 289 556 incipit
307 526 393 548 breues
409 524 519 548 eiusdem
536 524 640 547 matthei
658 524 771 554 euangeli
790 525 824 552 H,
839 524 932 555 incipi-rt
951 525 1036 548 breues
1054 524 1162 547 eiusdem
1180 523 1268 554 euangl
1287 524 1317 551 Θ,
1336 523 1457 554 incipiunt
1472 524 1558 547 breues
1574 532 1661 547 causae
1678 524 1812 547 secundum

203 570 263 589 mat.
277 567 309 595 D,
322 566 443 597 incipiunt
460 566 547 589 breues
562 573 650 589 causae
662 567 724 589 euafi
738 566 827 589 secund
840 566 950 589 matthei]
964 566 996 596 Q,
1008 565 1127 596 incipiunt
1140 566 1181 595 (un
1196 565 1290 594 era-vac)
1303 564 1384 588 breuis
1396 565 1547 589 enumeratio
1559 568 1647 596 euang.
1659 565 1763 588 matthei
1775 564 1812 594 ΞΡ,

203 607 290 638 incipit
301 607 399 631 elencus
413 606 476 637 (her
488 606 521 635 C)
534 607 644 630 eiusdem
656 607 707 635 BC,
721 610 743 630 ct
755 607 777 629 T
788 610 796 636 <
806 613 823 630 -ι-
832 607 958 631 Μαῒὼθίδ.
987 607 1067 631 Nihil
1077 607 1166 629 habent
1178 606 1235 629 AV.

393 699 507 729 DQPGQ.

202 745 340 768 Edz'dz'mus
362 752 393 767 ex
415 744 490 767 codice
514 743 538 766 D
563 743 705 766 lectimzz‘bus

234 783 345 806 aliorum
377 782 442 806 codd.
481 782 509 805 in
540 782 633 805 notulis
662 782 703 805 ad-

236 822 341 850 lzz'bz'tis;
359 822 392 844 z'z's
403 821 499 844 omissis
508 828 570 852 quae
581 821 616 843 ad
625 821 703 844 ortho-

231 860 368 891 graphiam
380 862 494 890 spectant.

204 1045 227 1073 Ι.
250 1044 395 1072 Natiuitas
405 1045 455 1081 xpi
468 1044 629 1073 secundum
642 1054 703 1073 car-

244 1101 312 1119 nem
327 1092 357 1119 in
372 1091 440 1119 beth
455 1092 532 1120 iuda.

204 1139 243 1167 II.
267 1138 348 1175 Magi
374 1147 496 1167 munera
525 1139 649 1167 offerunt
677 1144 704 1167 et

245 1185 466 1214 Interficiuntur
480 1186 614 1214 infantes.

206 1608 260 1636 III.
284 1608 441 1645 Regressio
464 1608 512 1636 ihu
534 1618 570 1636 ex
593 1607 659 1645 egif)
675 1608 705 1635 in

245 1658 338 1683 natza.

206 1703 276 1731 IIII.
313 1702 480 1730 Babtismus
516 1701 650 1730 iohannis
676 1706 705 1729 et

247 1749 407 1778 babtismus
421 1750 472 1786 xpi
486 1749 515 1777 in
530 1748 660 1777 iordane.

205 1844 243 1871 V.
280 1843 338 1871 Ubi
367 1843 487 1871 zabulos
522 1847 642 1880 temptat
678 1847 706 1871 et

247 1891 354 1918 ieiunat
369 1891 426 1927 xpe
443 1899 481 1917 XL
496 1889 607 1917 diebus.

205 1983 258 2012 VI.
280 1983 339 2011 Ubi
364 1982 498 2011 iohannis
520 1982 641 2010 traditus
663 1986 706 2010 est

247 2035 275 2058 et
290 2031 408 2058 secessit
423 2030 466 2057 ihs
478 2029 507 2057 in
519 2029 696 2058 cafarnaum.

208 2170 277 2198 VH.
313 2169 431 2197 Petrum
461 2175 489 2198 et
514 2164 583 2198 Anci
612 2169 706 2206 pisca-

248 2222 324 2245 tores
339 2222 436 2245 uocat.

935 700 952 723 J
967 699 1082 730 (ὧνεικωᾎ.

815 744 951 767 Ειίῐιίίυηις
964 752 995 767 ex
1007 744 1041 767 ed.
1055 743 1202 767 Blancln'nz‘.

758 1047 777 1074 I.
803 1046 895 1074 Natus
924 1052 966 1075 est
990 1047 1040 1074 Ihs
1067 1046 1096 1073 in
1125 1044 1258 1073 Bethlem

798 1094 910 1122 ciuitate
926 1094 963 1122 Et
981 1092 1140 1121 interfectio
1155 1101 1259 1129 paruu-

798 1141 899 1168 lorum.

758 1376 796 1403 II.
824 1375 882 1403 Ubi
905 1374 1012 1411 Ioseph
1034 1373 1197 1402 admonitus
1218 1378 1259 1401 est

797 1426 827 1450 ut
854 1422 964 1458 fugeret
989 1421 1019 1448 in
1040 1420 1206 1458 Aegyptum
1232 1424 1259 1448 et

799 1477 945 1505 regressus
972 1473 1015 1496 est
1039 1477 1106 1495 cum
1126 1467 1193 1495 Iesu
1216 1467 1259 1494 in—

797 1516 874 1544 fante
888 1516 918 1543 in
934 1514 1089 1542 Nazareth.

758 1609 812 1637 III.
836 1608 894 1636 Ubi
915 1608 1175 1645 Iohannescoepit
1189 1608 1260 1645 bap-

798 1656 886 1684 tizare
900 1660 928 1684 et
942 1655 1040 1684 Iesum
1055 1655 1220 1692 baptizauit.

759 1843 810 1871 IV.
838 1843 898 1871 Ubi
926 1842 969 1871 ihs
1003 1847 1138 1871 temtatus
1174 1847 1217 1871 est
1244 1852 1261 1870 a

799 1890 915 1918 diabolo
928 1898 996 1918 cum
1007 1889 1161 1918 ieiunasset
1170 1890 1261 1927 quad-

798 1937 910 1974 raginta
925 1937 1034 1965 diebus.

760 1984 798 2012 V.
822 1983 881 2011 Ubi
910 1983 953 2011 ihs
989 1983 1095 2011 tradito
1130 1982 1262 2012 Iohanne

802 2031 933 2068 Baptista
946 2031 1040 2067 coepit
1054 2030 1220 2068 praedicare
1235 2036 1262 2059 et

802 2078 851 2106 ubi
872 2077 987 2106 uocauit
1013 2077 1128 2105 Petrum
1153 2082 1181 2106 et
1200 2077 1261 2105 An-

802 2125 901 2152 dream
916 2129 945 2153 et
959 2124 1101 2152 Iacobum
1117 2129 1144 2153 et
1156 2124 1262 2153 Iohan-

801 2181 878 2199 nem.

240 2426 260 2448 Ι.
276 2433 322 2448 om.
334 2426 488 2448 seeundum
501 2431 612 2447 earnem
622 2424 708 2454 ZPGQ.

240 2458 274 2480 Π,
290 2462 316 2484 <
324 2458 429 2480 infantes
437 2457 612 2480 interficiuntur
621 2457 708 2486 EPGQ.

240 2491 288 2513 ΙΙΙ.
302 2490 332 2513 de
343 2490 467 2521 baptismo
477 2489 526 2513 ioh.
537 2489 624 2519 EPGQ.
644 2494 671 2516 <
684 2490 709 2512 in

208 2523 308 2546 iordane
320 2527 343 2546 et
355 2523 401 2552 xpi
410 2523 535 2553 baptisma
543 2522 708 2552 §PomovGQ

241 2562 271 2585 V.
290 2561 422 2592 temptauit
443 2562 485 2590 ΞΡς
517 2568 535 2585 4-
563 2561 614 2584 ihm
632 2561 710 2591 OEPGQ

209 2594 327 2618 ieiunauit
338 2594 423 2624 SPGQ.
500 2594 544 2617 VI.
563 2602 608 2617 om.
621 2595 652 2617 in
666 2594 697 2617 G.

241 2627 300 2650 VH.
324 2634 342 2652 ιι-
357 2627 407 2650 Ubi
418 2627 453 2650 ad
463 2627 520 2650 init.
530 2627 616 2657 ffGQ.

1540 698 1572 722 K.

1349 743 1394 765 Ex
1405 743 1481 766 codice
1493 743 1544 773 ipso
1555 742 1769 773 transcripsimus.

1311 904 1333 931 Ι.
1369 903 1601 932 Generationum
1637 904 1758 932 nomina
1787 909 1815 931 et

1352 950 1434 987 quod
1462 950 1602 978 abraham
1631 955 1719 987 eaput
1747 949 1815 978 fidei

1352 997 1387 1025 sit
1402 1002 1429 1025 et
1445 997 1579 1024 natiuitas
1599 997 1649 1033 xpi
1664 1006 1701 1024 ex
1715 997 1814 1024 maria.

1313 1091 1350 1118 II.
1384 1090 1467 1127 Magi
1496 1090 1621 1118 offerunt
1643 1099 1764 1118 munera
1787 1095 1815 1118 et

1353 1137 1476 1165 infantes
1491 1137 1712 1165 interficiuntur.

1314 1608 1368 1636 III.
1392 1607 1548 1644 Regressio
1570 1607 1620 1635 ihu
1639 1616 1674 1635 ex
1690 1613 1816 1645 aegypto

1355 1655 1385 1682 in
1400 1654 1546 1682 nazareth.

1315 1701 1385 1729 IIII.
1407 1701 1453 1729 De
1474 1701 1619 1738 baptismo
1637 1700 1771 1729 iohannis
1786 1701 1816 1729 in

1355 1748 1475 1777 iordane
1489 1754 1518 1776 et
1532 1748 1584 1785 xpi
1598 1748 1752 1785 baptisma.

1316 1842 1351 1870 V.
1373 1842 1433 1870 Ubi
1448 1842 1492 1870 ihs
1502 1846 1660 1878 temptatur
1672 1850 1688 1869 a
1700 1841 1817 1870 diabolo

1355 1894 1382 1917 et
1389 1889 1496 1917 ieiunat
1506 1888 1698 1926 quadraginta
1707 1888 1818 1916 diebus.

1315 1982 1367 2010 VI.
1389 1981 1449 2010 Ubi
1470 1981 1612 2010 iohannes
1633 1981 1753 2009 traditus
1774 1985 1818 2009 est

1355 2034 1384 2057 et
1400 2029 1517 2057 secessit
1531 2029 1574 2056 ihs
1589 2028 1619 2056 in
1640 2028 1774 2065 galileam
1789 2033 1818 2056 et

1357 2081 1471 2112 petrum
1487 2080 1514 2103 et
1534 2075 1673 2103 andream
1694 2080 1722 2103 et
1739 2075 1816 2103 iaco-

1356 2124 1427 2151 bum
1441 2127 1470 2150 et
1487 2122 1643 2150 iohannem
1659 2122 1817 2159 piscatores

1355 2174 1450 2197 uocat.

1524 2672 1548 2695 D

1583 2674 1599 2697 Ν
