2209 3147
337 611 401 643 DE
434 610 692 643 CODICIBUS
726 609 934 641 GRAECIS
968 608 1149 649 QUIBUS
1182 608 1216 639 S.
1247 607 1576 639 HIERONYMUS
1612 607 1733 639 USUS

940 686 1130 717 FUERIT.

325 804 421 835 PARS
439 803 464 834 I.
498 803 554 834 DE
582 803 808 834 HIERONYMI
834 809 1045 834 PROPoslro.

326 885 375 916 Ut
409 885 492 915 hanc
526 884 754 915 difficillimam
791 884 1018 924 quaestionem
1050 894 1151 924 quam
1182 883 1449 915 commodissime
1484 883 1726 924 adgrediamur,
1758 887 1789 912 et

282 947 355 968 curn
385 947 444 977 spe
469 937 595 977 optima
621 936 839 972 enodationis,
865 936 1139 967 considerandum
1169 941 1218 967 est
1243 940 1318 966 ante
1343 936 1453 966 omnia
1481 936 1559 975 quid
1591 935 1789 974 Hieronymi

282 989 381 1029 ipsius
414 989 620 1029 propositum
653 989 750 1019 fuerit
782 994 814 1019 et
845 999 864 1019 a
896 999 962 1028 quo
991 988 1208 1019 fundamento
1237 998 1374 1018 exorsus
1406 988 1456 1018 sit.
1515 987 1680 1027 Imprimis
1712 997 1790 1026 ergo

281 1041 492 1071 recordamur
526 1041 633 1071 uirum
673 1040 762 1071 illum
805 1051 823 1070 a
863 1041 1034 1071 iuuentute
1073 1040 1220 1070 maxime
1254 1040 1373 1070 Latine
1407 1039 1551 1077 doctum,
1583 1044 1615 1070 et
1650 1044 1685 1069 ut
1722 1039 1791 1078 ipse

281 1097 422 1123 testatur
453 1092 727 1123 Ciceronianum¹
759 1093 865 1123 fuisse.
925 1092 1025 1123 Porro
1060 1103 1134 1123 cum
1171 1092 1299 1122 Romae
1334 1092 1427 1122 annis
1463 1092 1612 1132 3822385
1648 1092 1791 1131 degeret,

282 1150 314 1175 et
341 1145 403 1175 hoc
431 1155 513 1185 opus
543 1144 802 1185 Euangeliorum
829 1145 1111 1175 emendandorum
1140 1155 1227 1175 anno
1252 1143 1314 1184 383
1344 1144 1524 1183 perficeret,
1549 1144 1656 1174 colore
1681 1143 1791 1182 aliquo

283 1197 437 1227 Romano
457 1197 620 1226 imbutum
641 1197 738 1227 fuisse
759 1196 933 1227 uerisimile
952 1202 1012 1228 est.
1060 1197 1197 1227 Damasi
1222 1196 1309 1226 enim
1334 1195 1502 1226 Pontificis
1522 1194 1610 1236 (A.D.
1629 1194 1791 1235 366—384)

281 1248 406 1279 amicus
441 1252 472 1279 et
504 1248 537 1278 in
569 1248 738 1288 scripturis
770 1248 1026 1288 interpretandis
1058 1248 1215 1288 magister
1229 1247 1249 1285 ²,
1277 1247 1365 1278 haud
1397 1248 1496 1278 dubie
1527 1252 1604 1278 tunc
1634 1247 1792 1287 temporis

282 1300 324 1330 ad
360 1300 427 1340 spei
464 1310 543 1330 suae
578 1300 671 1340 quasi
706 1300 879 1330 saecularis
914 1300 1044 1331 culmen
1079 1300 1284 1336 efferebatur,
1321 1305 1354 1331 et
1392 1299 1612 1340 Episcopatus
1650 1299 1793 1329 Romani

282 1353 481 1392 dignitatem
508 1352 709 1392 expectabat
732 1356 765 1382 et
790 1352 928 1382 fortasse
952 1352 1123 1383 ambiebat
1136 1353 1158 1382 ³.

327 1404 417 1444 Quid
457 1404 577 1434 mirum
612 1414 691 1444 ergo
730 1404 755 1434 si
794 1404 1001 1434 occasionem
1036 1415 1054 1434 a
1090 1404 1238 1434 Damaso
1272 1402 1420 1434 oblatam
1455 1402 1544 1443 leges
1583 1403 1683 1433 dandi
1722 1402 1793 1432 orbi

284 1455 482 1493 Christiano⁷
517 1456 668 1495 quamuis
703 1465 767 1486 non
808 1456 879 1486 sine
914 1456 1048 1496 periculi
1088 1455 1290 1486 imminentis
1326 1465 1431 1492 sensu,
1464 1456 1643 1495 arriperet?
1705 1453 1794 1494 Quid

284 1507 401 1537 mirum
436 1507 463 1537 si
496 1517 610 1547 parum
647 1508 804 1547 temporis
842 1507 873 1537 in
910 1507 972 1538 hoc
1009 1518 1109 1548 opere
1143 1507 1347 1538 conficiendo
1384 1508 1569 1545 insumeret,
1603 1512 1635 1537 et
1674 1506 1795 1536 Latino

285 1558 512 1596 fundamento,
537 1559 647 1599 potius
671 1569 770 1599 quam
797 1559 933 1596 Graeco,
959 1560 1155 1590 instrueret?

330 1611 407 1642 Hoc
441 1615 528 1642 certe
567 1621 610 1641 ex
649 1611 790 1651 epistula
828 1622 887 1642 sua
925 1612 967 1642 ad
1008 1612 1192 1642 Damasum
1228 1610 1335 1642 elucet
1373 1611 1537 1641 neminem
1573 1621 1612 1641 eo
1647 1615 1796 1651 tempore

284 1662 444 1693 uersionis
476 1672 582 1693 nouae
614 1673 656 1692 ex
689 1662 824 1694 Graecis
856 1663 1024 1703 scripturis
1056 1663 1226 1694 faciendae
1258 1663 1460 1694 mentionem
1492 1662 1614 1694 fecisse.
1675 1662 1796 1693 Obser-

285 1714 407 1745 uabant
431 1714 535 1750 multi,
556 1714 732 1754 praecipue
754 1720 789 1745 ut
813 1715 944 1746 uidetur
964 1716 995 1746 in
1019 1716 1155 1746 ecclesia
1181 1715 1343 1752 Romana,
1365 1715 1620 1756 discrepantiam
1645 1715 1795 1745 codicum

286 1766 482 1797 Latinorum
501 1767 556 1806 qui
573 1767 727 1807 priuatim
746 1772 779 1797 et
796 1767 827 1797 in
845 1768 994 1798 coetibus
1012 1767 1155 1798 fidelium
1175 1767 1381 1807 legebantur.
1424 1767 1598 1803 Damasus
1614 1767 1692 1797 satis
1709 1771 1797 1797 recte

286 1818 487 1859 perspiciens
514 1818 545 1848 id
573 1819 614 1848 ad
642 1819 786 1849 officium
815 1829 909 1849 suum
937 1820 1111 1859 pertinere,
1140 1819 1384 1859 Hieronymum
1414 1819 1521 1859 coegit
1548 1824 1583 1849 ut
1611 1818 1797 1848 necessitati

285 1869 441 1901 ecclesiae
472 1875 683 1907 succurreret,
712 1876 744 1901 et
772 1871 870 1901 uarIis
902 1871 1029 1902 Latinis
1058 1871 1314 1912 exemplaribus,
1342 1871 1399 1910 qui
1427 1876 1505 1901 tunc
1530 1869 1797 1910 diuulgabantur,

286 1922 495 1959 examinatis,
531 1927 563 1952 et
598 1922 757 1953 uarietate
794 1923 921 1954 illarum
961 1934 1131 1964 perpensa,
1171 1934 1256 1963 quae
1295 1933 1369 1953 cum
1411 1922 1537 1953 Graeca
1576 1922 1799 1953 consentirent

286 1974 425 2004 ueritate
456 1975 655 2005 decerneret.
715 1975 837 2006 Munus
868 1976 1013 2016 suscepit
1046 1976 1282 2015 Hieronymus,
1310 1976 1368 2006 sed
1397 1974 1445 2015 (ut
1474 1972 1633 2015 diximus)
1664 1974 1799 2014 periculi

286 2026 444 2064 conscius,
469 2031 502 2057 et
526 2026 586 2057 hac
611 2027 738 2057 ratione
762 2032 797 2057 ut
821 2027 890 2067 ipse
914 2032 1057 2058 testatur
1080 2027 1231 2058 confecit.

576 2139 587 2151 ἱ

320 2169 327 2183 ¹
346 2170 411 2194 Uide
427 2170 510 2201 Epist.
525 2170 560 2193 ad
574 2171 740 2194 Eustochium
759 2172 816 2196 xxii.
833 2174 844 2200 ξ
859 2179 890 2203 30
906 2173 949 2196 ubi
967 2173 991 2196 in
1093 2172 1202 2196 Dieebar
1230 2176 1338 2201 sanctus,
1368 2172 1467 2195 dicebar
1495 2171 1595 2195 humilis
1626 2175 1649 2195 et
1681 2169 1799 2195 disertus}

287 2209 384 2233 somnio
403 2208 434 2231 ad
457 2209 565 2232 tribunal
583 2209 673 2233 iudicis
693 2218 718 2233 se
740 2215 837 2242 raptum
859 2215 949 2240 narrat,
968 2215 992 2235 et
1095 2212 1164 2242 Quae
1188 2211 1294 2242 epistula
1314 2211 1404 2242 scripta
1424 2211 1469 2234 suit
1488 2219 1552 2234 anno
1574 2212 1620 2241 385
1642 2211 1674 2234 ad
1695 2211 1800 2240 Ostiam,

287 2247 417 2271 mendacio
441 2247 586 2276 incusatum,
610 2256 665 2271 cum
687 2257 736 2272 non
762 2257 817 2273 uere
838 2250 992 2274 Christianus
1095 2251 1177 2274 Roma
1200 2251 1249 2274 iam
1274 2251 1367 2274 relicta.
1412 2250 1542 2273 ‘Summus
1565 2250 1678 2273 sacerdos
1701 2251 1743 2281 qui
1766 2254 1801 2273 est

288 2287 330 2310 sed
349 2287 525 2310 Ciceronianus
546 2292 616 2311 esset.
652 2288 750 2319 Scripta
770 2292 806 2312 est
829 2293 911 2313 autem
932 2289 994 2313 haec
1094 2290 1239 2321 episcopus'
1258 2289 1340 2312 scribit
1361 2289 1530 2312 Tertullianus
1553 2289 1581 2313 de
1604 2290 1678 2320 Bapt.
1700 2298 1720 2313 c.
1740 2289 1798 2319 xvii,

289 2326 412 2357 Epistula,
425 2329 452 2349 ut
465 2326 570 2355 uidetur,
584 2335 648 2350 anno
661 2328 772 2358 sequenti
785 2334 810 2351 Α.
820 2334 845 2351 D.
860 2329 914 2358 384.
1043 2353 1044 2359 ¹
1094 2336 1167 2360 quem
1192 2328 1302 2351 imitatur
1327 2328 1494 2358 Hieronymus
1517 2328 1575 2351 adu.
1598 2327 1682 2359 Luczf
1703 2336 1725 2359 9,
1746 2336 1798 2359 eg.

322 2364 330 2377 ²
348 2364 412 2389 Uide
439 2365 572 2395 Epistulas
602 2366 714 2389 Damasi
737 2367 779 2390 viii
801 2371 824 2390 et
848 2367 871 2390 ix
896 2367 994 2397 <Migne
1095 2367 1226 2391 ‘eeclesiae
1253 2367 1321 2390 salus
1348 2367 1371 2390 in
1400 2367 1488 2390 summi
1518 2367 1653 2390 sacerdotis
1682 2367 1801 2398 dignitate

290 2405 320 2427 P.
333 2403 363 2427 L.
381 2408 443 2426 tom.
459 2410 495 2433 13,
515 2412 557 2435 pp.
572 2410 626 2435 371,
642 2406 701 2435 372)
720 2406 761 2429 ubi
780 2407 810 2429 de
828 2407 902 2430 uariis
920 2406 994 2437 scrip·
1095 2405 1213 2438 pendet'3
1231 2406 1260 2429 cs.
1274 2410 1295 2429 et
1307 2406 1355 2437 Ep.
1367 2406 1485 2429 adDam.
1498 2414 1571 2436 snpra
1584 2413 1608 2436 p.
1622 2413 1642 2429 1.
1677 2406 1705 2429 In
1716 2406 1802 2429 Sacra-

289 2442 351 2466 turis
368 2442 510 2473 interrogat.
1095 2445 1216 2469 mentario
1234 2445 1311 2468 ueteri
1330 2445 1454 2473 Romano,
1473 2445 1539 2476 quod
1558 2445 1657 2468 saeculo
1676 2451 1705 2468 Vl
1728 2445 1801 2469 tribui

324 2481 334 2496 ³
352 2481 417 2505 Uide
444 2481 469 2506 S.
488 2482 592 2505 Hieron.
615 2483 662 2513 Ep.
682 2483 717 2506 ad
734 2484 844 2508 Asellam
866 2484 914 2508 xlv.
940 2487 951 2513 ξ
972 2492 996 2515 3,
1096 2488 1184 2516 potest,
1194 2486 1470 2515 usurpatur-‘summum
1481 2483 1711 2515 sacerdotium'pro
1721 2484 1803 2508 officio

293 2521 451 2551 ‘Antequam
468 2521 570 2544 domum
588 2525 686 2546 sanctae
699 2523 790 2547 Paulae
806 2532 903 2547 nossem
922 2524 997 2547 totius
1097 2523 1224 2555 Episcopi.
1260 2524 1298 2547 Cf.
1315 2524 1390 2546 etiam
1409 2524 1479 2546 Conc.
1495 2523 1580 2547 Carth.
1594 2523 1634 2546 ΙΙΙ
1650 2523 1719 2554 (ΑΛ).
1733 2525 1801 2554 397),

291 2560 316 2583 in
334 2568 373 2583 me
387 2560 455 2583 urbis
472 2560 553 2584 studia
571 2562 748 2586 consonabant.
784 2563 902 2586 Omnium
920 2571 998 2594 paene
1098 2570 1151 2587 can.
1165 2562 1203 2591 26,
1215 2562 1261 2586 ‘Ut
1275 2562 1370 2593 primae
1382 2562 1447 2585 sedis
1459 2564 1591 2593 episcopus
1603 2570 1651 2585 non
1664 2563 1803 2594 appelletur

292 2599 384 2622 iudicio
416 2599 505 2630 dignus
540 2607 637 2623 summo
671 2601 809 2625 sacerdotio
841 2602 996 2626 decernebar.
1098 2602 1212 2633 princeps
1228 2601 1382 2624 sacerdotum
1398 2605 1439 2624 aut
1456 2608 1566 2624 summus
1581 2602 1694 2625 sacerdos
1705 2605 1747 2625 aut
1760 2602 1804 2625 ali-

293 2637 382 2661 Beatae
413 2639 545 2662 memoriae
575 2639 697 2663 Damasus
726 2648 795 2664 meus
827 2649 906 2664 sermo
939 2645 997 2665 erat.
1047 2654 1049 2671 l
1100 2641 1158 2672 quid
1172 2640 1365 2668 huiusmodised
1376 2644 1470 2664 tantum
1481 2638 1804 2673 primaesedisepiscopus!

1489 2689 1584 2719 4Q2
