<?xml version="1.0" encoding="UTF-8"?>
<!DOCTYPE html PUBLIC "-//W3C//DTD XHTML 1.0 Transitional//EN"
    "http://www.w3.org/TR/xhtml1/DTD/xhtml1-transitional.dtd">
<html xmlns="http://www.w3.org/1999/xhtml" xml:lang="en" lang="en">
 <head>
  <title>
</title>
<meta http-equiv="Content-Type" content="text/html;charset=utf-8" />
  <meta name='ocr-system' content='tesseract 3.04.00' />
  <meta name='ocr-capabilities' content='ocr_page ocr_carea ocr_par ocr_line ocrx_word'/>
</head>
<body>
  <div class='ocr_page' id='page_1' title='image "./quattuoreuangeli00jero_0526.png"; bbox 0 0 2209 3147; ppageno 0'>
   <div class='ocr_carea' id='block_1_1' title="bbox 400 252 464 288">
    <p class='ocr_par' dir='ltr' id='par_1_1' title="bbox 400 252 464 288">
     <span class='ocr_line' id='line_1_1' title="bbox 400 252 464 288; baseline 0.031 -9"><span class='ocrx_word' id='word_1_1' title='bbox 400 252 464 288; x_wconf 69' lang='lat'>480</span> 
     </span>
    </p>
   </div>
   <div class='ocr_carea' id='block_1_2' title="bbox 365 337 1102 1002">
    <p class='ocr_par' dir='ltr' id='par_1_2' title="bbox 365 337 1102 1002">
     <span class='ocr_line' id='line_1_2' title="bbox 365 337 1102 369; baseline -0.001 0"><span class='ocrx_word' id='word_1_2' title='bbox 365 337 434 369; x_wconf 73' lang='lat' dir='ltr'>3&#39;et</span> <span class='ocrx_word' id='word_1_3' title='bbox 461 338 584 369; x_wconf 85' lang='lat' dir='ltr'>factum</span> <span class='ocrx_word' id='word_1_4' title='bbox 612 343 662 369; x_wconf 88' lang='lat' dir='ltr'>est</span> <span class='ocrx_word' id='word_1_5' title='bbox 687 338 766 368; x_wconf 87' lang='lat' dir='ltr'>dum</span> <span class='ocrx_word' id='word_1_6' title='bbox 796 338 1000 368; x_wconf 80' lang='lat' dir='ltr'>recumberet</span> <span class='ocrx_word' id='word_1_7' title='bbox 1028 348 1102 368; x_wconf 88' lang='lat' dir='ltr'>curn</span> 
     </span>
     <span class='ocr_line' id='line_1_3' title="bbox 446 390 507 421; baseline -0.016 0"><span class='ocrx_word' id='word_1_8' title='bbox 446 390 507 421; x_wconf 90' lang='lat' dir='ltr'>illis</span> 
     </span>
     <span class='ocr_line' id='line_1_4' title="bbox 401 443 902 483; baseline -0.002 -10"><span class='ocrx_word' id='word_1_9' title='bbox 401 443 527 483; x_wconf 88' lang='lat' dir='ltr'>accepit</span> <span class='ocrx_word' id='word_1_10' title='bbox 543 452 663 482; x_wconf 89' lang='lat' dir='ltr'>panem</span> <span class='ocrx_word' id='word_1_11' title='bbox 681 447 713 473; x_wconf 91' lang='lat' dir='ltr'>et</span> <span class='ocrx_word' id='word_1_12' title='bbox 731 443 902 473; x_wconf 78' lang='lat' dir='ltr'>benedixit</span> 
     </span>
     <span class='ocr_line' id='line_1_5' title="bbox 445 494 930 535; baseline 0.002 -11"><span class='ocrx_word' id='word_1_13' title='bbox 445 504 483 525; x_wconf 89' lang='lat' dir='ltr'>ac</span> <span class='ocrx_word' id='word_1_14' title='bbox 500 494 596 535; x_wconf 86' lang='lat' dir='ltr'>fregit</span> <span class='ocrx_word' id='word_1_15' title='bbox 613 499 646 525; x_wconf 88' lang='lat' dir='ltr'>et</span> <span class='ocrx_word' id='word_1_16' title='bbox 663 494 850 534; x_wconf 82' lang='lat' dir='ltr'>porrigebat</span> <span class='ocrx_word' id='word_1_17' title='bbox 868 494 930 525; x_wconf 87' lang='lat' dir='ltr'>illis</span> 
     </span>
     <span class='ocr_line' id='line_1_6' title="bbox 367 546 877 586; baseline -0.004 -9"><span class='ocrx_word' id='word_1_18' title='bbox 367 546 389 564; x_wconf 80' lang='lat'>³¹</span> <span class='ocrx_word' id='word_1_19' title='bbox 402 551 433 577; x_wconf 91' lang='lat' dir='ltr'>et</span> <span class='ocrx_word' id='word_1_20' title='bbox 451 546 555 586; x_wconf 87' lang='lat' dir='ltr'>aperti</span> <span class='ocrx_word' id='word_1_21' title='bbox 572 551 646 576; x_wconf 87' lang='lat' dir='ltr'>sunt</span> <span class='ocrx_word' id='word_1_22' title='bbox 663 546 747 576; x_wconf 86' lang='lat' dir='ltr'>oculi</span> <span class='ocrx_word' id='word_1_23' title='bbox 765 556 877 576; x_wconf 90' lang='lat' dir='ltr'>eorum</span> 
     </span>
     <span class='ocr_line' id='line_1_7' title="bbox 445 603 810 638; baseline -0.003 -10"><span class='ocrx_word' id='word_1_24' title='bbox 445 603 477 628; x_wconf 90' lang='lat' dir='ltr'>et</span> <span class='ocrx_word' id='word_1_25' title='bbox 494 603 719 638; x_wconf 85' lang='lat' dir='ltr'>cognouerunt</span> <span class='ocrx_word' id='word_1_26' title='bbox 736 608 810 628; x_wconf 87' lang='lat' dir='ltr'>eum</span> 
     </span>
     <span class='ocr_line' id='line_1_8' title="bbox 402 649 980 690; baseline -0.002 -10"><span class='ocrx_word' id='word_1_27' title='bbox 402 654 435 680; x_wconf 90' lang='lat' dir='ltr'>et</span> <span class='ocrx_word' id='word_1_28' title='bbox 453 650 522 690; x_wconf 87' lang='lat' dir='ltr'>ipse</span> <span class='ocrx_word' id='word_1_29' title='bbox 538 650 669 680; x_wconf 83' lang='lat' dir='ltr'>euanuit</span> <span class='ocrx_word' id='word_1_30' title='bbox 686 660 729 680; x_wconf 82' lang='lat' dir='ltr'>ex</span> <span class='ocrx_word' id='word_1_31' title='bbox 747 649 848 680; x_wconf 88' lang='lat' dir='ltr'>oculis</span> <span class='ocrx_word' id='word_1_32' title='bbox 866 659 980 680; x_wconf 88' lang='lat' dir='ltr'>eorum</span> 
     </span>
     <span class='ocr_line' id='line_1_9' title="bbox 365 699 827 732; baseline -0.002 0"><span class='ocrx_word' id='word_1_33' title='bbox 365 699 392 716; x_wconf 74' lang='lat'>³²</span> <span class='ocrx_word' id='word_1_34' title='bbox 402 707 434 732; x_wconf 89' lang='lat' dir='ltr'>et</span> <span class='ocrx_word' id='word_1_35' title='bbox 450 702 609 732; x_wconf 83' lang='lat' dir='ltr'>dixerunt</span> <span class='ocrx_word' id='word_1_36' title='bbox 626 703 668 732; x_wconf 89' lang='lat' dir='ltr'>ad</span> <span class='ocrx_word' id='word_1_37' title='bbox 687 702 827 732; x_wconf 90' lang='lat' dir='ltr'>inuicem</span> 
     </span>
     <span class='ocr_line' id='line_1_10' title="bbox 403 759 747 784; baseline 0 0"><span class='ocrx_word' id='word_1_38' title='bbox 403 764 510 784; x_wconf 91' lang='lat' dir='ltr'>nonne</span> <span class='ocrx_word' id='word_1_39' title='bbox 526 764 582 784; x_wconf 89' lang='lat' dir='ltr'>cor</span> <span class='ocrx_word' id='word_1_40' title='bbox 598 759 747 784; x_wconf 89' lang='lat' dir='ltr'>nostrum</span> 
     </span>
     <span class='ocr_line' id='line_1_11' title="bbox 445 806 810 836; baseline -0.003 0"><span class='ocrx_word' id='word_1_41' title='bbox 445 806 562 836; x_wconf 86' lang='lat' dir='ltr'>ardens</span> <span class='ocrx_word' id='word_1_42' title='bbox 579 811 649 836; x_wconf 88' lang='lat' dir='ltr'>erat</span> <span class='ocrx_word' id='word_1_43' title='bbox 665 807 696 836; x_wconf 92' lang='lat' dir='ltr'>in</span> <span class='ocrx_word' id='word_1_44' title='bbox 714 806 810 836; x_wconf 88' lang='lat' dir='ltr'>nobis</span> 
     </span>
     <span class='ocr_line' id='line_1_12' title="bbox 446 857 849 897; baseline -0.002 -9"><span class='ocrx_word' id='word_1_45' title='bbox 446 858 524 888; x_wconf 88' lang='lat' dir='ltr'>dum</span> <span class='ocrx_word' id='word_1_46' title='bbox 543 857 731 897; x_wconf 85' lang='lat' dir='ltr'>loqueretur</span> <span class='ocrx_word' id='word_1_47' title='bbox 748 858 778 887; x_wconf 90' lang='lat' dir='ltr'>in</span> <span class='ocrx_word' id='word_1_48' title='bbox 797 857 849 887; x_wconf 90' lang='lat' dir='ltr'>uia</span> 
     </span>
     <span class='ocr_line' id='line_1_13' title="bbox 403 910 918 949; baseline 0 -10"><span class='ocrx_word' id='word_1_49' title='bbox 403 914 435 939; x_wconf 91' lang='lat' dir='ltr'>et</span> <span class='ocrx_word' id='word_1_50' title='bbox 452 910 592 949; x_wconf 87' lang='lat' dir='ltr'>aperiret</span> <span class='ocrx_word' id='word_1_51' title='bbox 607 910 703 940; x_wconf 91' lang='lat' dir='ltr'>nobis</span> <span class='ocrx_word' id='word_1_52' title='bbox 719 910 918 948; x_wconf 84' lang='lat' dir='ltr'>scripturas?</span> 
     </span>
     <span class='ocr_line' id='line_1_14' title="bbox 365 959 851 1002; baseline 0 -11"><span class='ocrx_word' id='word_1_53' title='bbox 365 959 392 977; x_wconf 77' lang='lat'>³³</span> <span class='ocrx_word' id='word_1_54' title='bbox 403 966 434 991; x_wconf 91' lang='lat' dir='ltr'>et</span> <span class='ocrx_word' id='word_1_55' title='bbox 451 967 621 1002; x_wconf 84' lang='lat' dir='ltr'>surgentes</span> <span class='ocrx_word' id='word_1_56' title='bbox 637 962 752 992; x_wconf 90' lang='lat' dir='ltr'>eadem</span> <span class='ocrx_word' id='word_1_57' title='bbox 769 961 851 991; x_wconf 89' lang='lat' dir='ltr'>hora</span> 
     </span>
    </p>
   </div>
   <div class='ocr_carea' id='block_1_3' title="bbox 755 251 1547 284">
    <p class='ocr_par' dir='ltr' id='par_1_3' title="bbox 755 251 1547 284">
     <span class='ocr_line' id='line_1_15' title="bbox 755 251 1547 284; baseline 0.004 -4"><span class='ocrx_word' id='word_1_58' title='bbox 755 252 842 281; x_wconf 74' lang='lat' dir='ltr'>EUA</span> <span class='ocrx_word' id='word_1_59' title='bbox 849 253 914 282; x_wconf 86' lang='lat' dir='ltr'>NG</span> <span class='ocrx_word' id='word_1_60' title='bbox 918 251 999 280; x_wconf 88' lang='lat' dir='ltr'>ELI</span> <span class='ocrx_word' id='word_1_61' title='bbox 1004 253 1071 281; x_wconf 78' lang='lat' dir='ltr'>(JM</span> <span class='ocrx_word' id='word_1_62' title='bbox 1094 252 1152 281; x_wconf 79' lang='lat' dir='ltr'>SE</span> <span class='ocrx_word' id='word_1_63' title='bbox 1153 253 1178 282; x_wconf 91' lang='lat' dir='ltr'><em>C</em></span> <span class='ocrx_word' id='word_1_64' title='bbox 1185 253 1279 281; x_wconf 67' lang='lat' dir='ltr'>UA&#39;D</span> <span class='ocrx_word' id='word_1_65' title='bbox 1285 253 1355 281; x_wconf 78' lang='lat' dir='ltr'>UM</span> <span class='ocrx_word' id='word_1_66' title='bbox 1376 254 1402 282; x_wconf 91' lang='lat' dir='ltr'><em>L</em></span> <span class='ocrx_word' id='word_1_67' title='bbox 1410 254 1491 284; x_wconf 78' lang='lat' dir='ltr'>UCA</span> <span class='ocrx_word' id='word_1_68' title='bbox 1499 255 1547 283; x_wconf 84' lang='lat' dir='ltr'>M.</span> 
     </span>
    </p>
   </div>
   <div class='ocr_carea' id='block_1_4' title="bbox 1140 341 1146 1002">
    <p class='ocr_par' dir='ltr' id='par_1_4' title="bbox 1140 341 1146 1002">
     <span class='ocr_line' id='line_1_16' title="bbox 1140 341 1146 1002; baseline 0 0"><span class='ocrx_word' id='word_1_69' title='bbox 1140 341 1146 1002; x_wconf 95' lang='lat' dir='ltr'> </span> 
     </span>
    </p>
   </div>
   <div class='ocr_carea' id='block_1_5' title="bbox 1689 252 1908 296">
    <p class='ocr_par' dir='ltr' id='par_1_5' title="bbox 1689 252 1908 296">
     <span class='ocr_line' id='line_1_17' title="bbox 1689 252 1908 296; baseline 0.009 -13"><span class='ocrx_word' id='word_1_70' title='bbox 1689 252 1796 296; x_wconf 68' lang='lat' dir='ltr'>[xxm.</span> <span class='ocrx_word' id='word_1_71' title='bbox 1810 261 1908 291; x_wconf 77' lang='lat'>30—36.</span> 
     </span>
    </p>
   </div>
   <div class='ocr_carea' id='block_1_6' title="bbox 1171 339 1854 1001">
    <p class='ocr_par' dir='ltr' id='par_1_6' title="bbox 1171 339 1854 1001">
     <span class='ocr_line' id='line_1_18' title="bbox 1251 339 1736 378; baseline 0.004 -10"><span class='ocrx_word' id='word_1_72' title='bbox 1251 339 1386 378; x_wconf 85' lang='lat' dir='ltr'>regressi</span> <span class='ocrx_word' id='word_1_73' title='bbox 1403 344 1477 370; x_wconf 91' lang='lat' dir='ltr'>sunt</span> <span class='ocrx_word' id='word_1_74' title='bbox 1495 340 1526 369; x_wconf 87' lang='lat' dir='ltr'>in</span> <span class='ocrx_word' id='word_1_75' title='bbox 1542 339 1736 370; x_wconf 85' lang='lat' dir='ltr'>hierusalem</span> 
     </span>
     <span class='ocr_line' id='line_1_19' title="bbox 1207 391 1854 432; baseline 0.003 -11"><span class='ocrx_word' id='word_1_76' title='bbox 1207 396 1240 422; x_wconf 89' lang='lat' dir='ltr'>et</span> <span class='ocrx_word' id='word_1_77' title='bbox 1257 391 1449 422; x_wconf 91' lang='lat' dir='ltr'>inuenerunt</span> <span class='ocrx_word' id='word_1_78' title='bbox 1466 397 1682 432; x_wconf 85' lang='lat' dir='ltr'>congregatos</span> <span class='ocrx_word' id='word_1_79' title='bbox 1699 393 1854 423; x_wconf 89' lang='lat' dir='ltr'>undecim</span> 
     </span>
     <span class='ocr_line' id='line_1_20' title="bbox 1208 443 1686 484; baseline 0.002 -11"><span class='ocrx_word' id='word_1_80' title='bbox 1208 448 1241 473; x_wconf 88' lang='lat' dir='ltr'>et</span> <span class='ocrx_word' id='word_1_81' title='bbox 1258 454 1315 474; x_wconf 90' lang='lat' dir='ltr'>eos</span> <span class='ocrx_word' id='word_1_82' title='bbox 1331 443 1387 482; x_wconf 89' lang='lat' dir='ltr'>qui</span> <span class='ocrx_word' id='word_1_83' title='bbox 1404 453 1478 474; x_wconf 86' lang='lat' dir='ltr'>eum</span> <span class='ocrx_word' id='word_1_84' title='bbox 1496 444 1574 484; x_wconf 89' lang='lat' dir='ltr'>ipsis</span> <span class='ocrx_word' id='word_1_85' title='bbox 1594 449 1686 475; x_wconf 89' lang='lat' dir='ltr'>erant</span> 
     </span>
     <span class='ocr_line' id='line_1_21' title="bbox 1171 495 1401 526; baseline 0.004 -1"><span class='ocrx_word' id='word_1_86' title='bbox 1171 498 1198 516; x_wconf 77' lang='lat'>³4</span> <span class='ocrx_word' id='word_1_87' title='bbox 1252 495 1401 526; x_wconf 90' lang='lat' dir='ltr'>dicentes</span> 
     </span>
     <span class='ocr_line' id='line_1_22' title="bbox 1209 547 1718 585; baseline 0.004 -9"><span class='ocrx_word' id='word_1_88' title='bbox 1209 547 1298 585; x_wconf 90' lang='lat' dir='ltr'>quod</span> <span class='ocrx_word' id='word_1_89' title='bbox 1314 547 1456 577; x_wconf 85' lang='lat' dir='ltr'>surrexit</span> <span class='ocrx_word' id='word_1_90' title='bbox 1473 547 1626 578; x_wconf 89' lang='lat' dir='ltr'>dominus</span> <span class='ocrx_word' id='word_1_91' title='bbox 1643 559 1718 578; x_wconf 86' lang='lat' dir='ltr'>uere</span> 
     </span>
     <span class='ocr_line' id='line_1_23' title="bbox 1251 599 1588 638; baseline 0.003 -10"><span class='ocrx_word' id='word_1_92' title='bbox 1251 603 1283 629; x_wconf 90' lang='lat' dir='ltr'>et</span> <span class='ocrx_word' id='word_1_93' title='bbox 1300 599 1453 638; x_wconf 86' lang='lat' dir='ltr'>apparuit</span> <span class='ocrx_word' id='word_1_94' title='bbox 1469 599 1588 629; x_wconf 90' lang='lat' dir='ltr'>simoni</span> 
     </span>
     <span class='ocr_line' id='line_1_24' title="bbox 1172 650 1718 691; baseline 0.002 -11"><span class='ocrx_word' id='word_1_95' title='bbox 1172 652 1198 670; x_wconf 79' lang='lat'>³⁵</span> <span class='ocrx_word' id='word_1_96' title='bbox 1208 655 1240 680; x_wconf 89' lang='lat' dir='ltr'>et</span> <span class='ocrx_word' id='word_1_97' title='bbox 1258 650 1317 690; x_wconf 90' lang='lat' dir='ltr'>ipsi</span> <span class='ocrx_word' id='word_1_98' title='bbox 1335 650 1511 681; x_wconf 82' lang='lat' dir='ltr'>narrabant</span> <span class='ocrx_word' id='word_1_99' title='bbox 1525 661 1609 690; x_wconf 83' lang='lat' dir='ltr'>quae</span> <span class='ocrx_word' id='word_1_100' title='bbox 1625 656 1718 691; x_wconf 82' lang='lat' dir='ltr'>gesta</span> 
     </span>
     <span class='ocr_line' id='line_1_25' title="bbox 1252 702 1462 733; baseline 0 -1"><span class='ocrx_word' id='word_1_101' title='bbox 1252 707 1344 733; x_wconf 87' lang='lat' dir='ltr'>erant</span> <span class='ocrx_word' id='word_1_102' title='bbox 1361 702 1392 732; x_wconf 91' lang='lat' dir='ltr'>in</span> <span class='ocrx_word' id='word_1_103' title='bbox 1410 703 1462 733; x_wconf 92' lang='lat' dir='ltr'>uia</span> 
     </span>
     <span class='ocr_line' id='line_1_26' title="bbox 1209 754 1670 794; baseline 0.002 -10"><span class='ocrx_word' id='word_1_104' title='bbox 1209 759 1241 785; x_wconf 88' lang='lat' dir='ltr'>et</span> <span class='ocrx_word' id='word_1_105' title='bbox 1258 754 1429 794; x_wconf 89' lang='lat' dir='ltr'>quomodo</span> <span class='ocrx_word' id='word_1_106' title='bbox 1446 760 1670 794; x_wconf 85' lang='lat' dir='ltr'>cognouerunt</span> 
     </span>
     <span class='ocr_line' id='line_1_27' title="bbox 1254 806 1670 846; baseline 0.002 -10"><span class='ocrx_word' id='word_1_107' title='bbox 1254 816 1328 836; x_wconf 91' lang='lat' dir='ltr'>eum</span> <span class='ocrx_word' id='word_1_108' title='bbox 1346 806 1378 836; x_wconf 93' lang='lat' dir='ltr'>in</span> <span class='ocrx_word' id='word_1_109' title='bbox 1393 806 1551 837; x_wconf 83' lang='lat' dir='ltr'>fractione</span> <span class='ocrx_word' id='word_1_110' title='bbox 1568 808 1670 846; x_wconf 82' lang='lat' dir='ltr'>panis.</span> 
     </span>
     <span class='ocr_line' id='line_1_28' title="bbox 1172 857 1835 898; baseline 0.002 -11"><span class='ocrx_word' id='word_1_111' title='bbox 1172 860 1198 878; x_wconf 76' lang='grc'>36</span> <span class='ocrx_word' id='word_1_112' title='bbox 1210 857 1272 881; x_wconf 58' lang='lat'>0⁵⁴⁰·</span> <span class='ocrx_word' id='word_1_113' title='bbox 1286 857 1306 881; x_wconf 72' lang='lat'>⁹)</span> <span class='ocrx_word' id='word_1_114' title='bbox 1325 858 1414 888; x_wconf 88' lang='lat' dir='ltr'>Dum</span> <span class='ocrx_word' id='word_1_115' title='bbox 1432 858 1511 889; x_wconf 85' lang='lat' dir='ltr'>haec</span> <span class='ocrx_word' id='word_1_116' title='bbox 1528 864 1639 889; x_wconf 89' lang='lat' dir='ltr'>autem</span> <span class='ocrx_word' id='word_1_117' title='bbox 1657 859 1835 898; x_wconf 88' lang='lat' dir='ltr'>loquuntur</span> 
     </span>
     <span class='ocr_line' id='line_1_29' title="bbox 1209 909 1707 941; baseline 0 -1"><span class='ocrx_word' id='word_1_118' title='bbox 1209 910 1296 940; x_wconf 88' lang='lat' dir='ltr'>iesus</span> <span class='ocrx_word' id='word_1_119' title='bbox 1313 910 1405 940; x_wconf 90' lang='lat' dir='ltr'>stetit</span> <span class='ocrx_word' id='word_1_120' title='bbox 1421 909 1453 940; x_wconf 93' lang='lat' dir='ltr'>in</span> <span class='ocrx_word' id='word_1_121' title='bbox 1471 910 1581 941; x_wconf 90' lang='lat' dir='ltr'>medio</span> <span class='ocrx_word' id='word_1_122' title='bbox 1595 921 1707 941; x_wconf 92' lang='lat' dir='ltr'>eorum</span> 
     </span>
     <span class='ocr_line' id='line_1_30' title="bbox 1210 961 1599 1001; baseline 0 -9"><span class='ocrx_word' id='word_1_123' title='bbox 1210 967 1242 992; x_wconf 92' lang='lat' dir='ltr'>et</span> <span class='ocrx_word' id='word_1_124' title='bbox 1261 961 1339 992; x_wconf 87' lang='lat' dir='ltr'>dicit</span> <span class='ocrx_word' id='word_1_125' title='bbox 1356 961 1402 992; x_wconf 87' lang='lat' dir='ltr'>eis</span> <span class='ocrx_word' id='word_1_126' title='bbox 1419 972 1486 1001; x_wconf 84' lang='lat' dir='ltr'>pax</span> <span class='ocrx_word' id='word_1_127' title='bbox 1504 962 1599 992; x_wconf 89' lang='lat' dir='ltr'>uobis</span> 
     </span>
    </p>
   </div>
   <div class='ocr_carea' id='block_1_7' title="bbox 778 1043 1526 1046">
    <p class='ocr_par' dir='ltr' id='par_1_7' title="bbox 778 1043 1526 1046">
     <span class='ocr_line' id='line_1_31' title="bbox 778 1043 1526 1046; baseline 0 0"><span class='ocrx_word' id='word_1_128' title='bbox 778 1043 1526 1046; x_wconf 95' lang='lat' dir='ltr'> </span> 
     </span>
    </p>
   </div>
   <div class='ocr_carea' id='block_1_8' title="bbox 401 1088 1913 1316">
    <p class='ocr_par' dir='ltr' id='par_1_8' title="bbox 401 1088 1913 1316">
     <span class='ocr_line' id='line_1_32' title="bbox 402 1088 1912 1128; baseline 0.002 -12"><span class='ocrx_word' id='word_1_129' title='bbox 402 1089 470 1117; x_wconf 86' lang='lat' dir='ltr'>dies.</span> <span class='ocrx_word' id='word_1_130' title='bbox 506 1094 534 1116; x_wconf 89' lang='lat' dir='ltr'>et</span> <span class='ocrx_word' id='word_1_131' title='bbox 550 1088 665 1117; x_wconf 87' lang='lat' dir='ltr'>intrauit</span> <span class='ocrx_word' id='word_1_132' title='bbox 679 1098 745 1117; x_wconf 86' lang='lat' dir='ltr'>cum</span> <span class='ocrx_word' id='word_1_133' title='bbox 761 1089 822 1117; x_wconf 88' lang='lat' dir='ltr'>illis.</span> <span class='ocrx_word' id='word_1_134' title='bbox 855 1095 886 1117; x_wconf 90' lang='lat' dir='ltr'>ut</span> <span class='ocrx_word' id='word_1_135' title='bbox 901 1094 1039 1117; x_wconf 86' lang='lat' dir='ltr'>maneret.</span> <span class='ocrx_word' id='word_1_136' title='bbox 1075 1089 1097 1105; x_wconf 79' lang='lat'>⁸⁰</span> <span class='ocrx_word' id='word_1_137' title='bbox 1107 1095 1135 1118; x_wconf 91' lang='lat' dir='ltr'>et</span> <span class='ocrx_word' id='word_1_138' title='bbox 1150 1089 1257 1118; x_wconf 85' lang='lat' dir='ltr'>factum</span> <span class='ocrx_word' id='word_1_139' title='bbox 1274 1095 1316 1118; x_wconf 90' lang='lat' dir='ltr'>est</span> <span class='ocrx_word' id='word_1_140' title='bbox 1333 1090 1403 1117; x_wconf 91' lang='lat' dir='ltr'>dum</span> <span class='ocrx_word' id='word_1_141' title='bbox 1419 1091 1596 1118; x_wconf 85' lang='lat' dir='ltr'>recumberet</span> <span class='ocrx_word' id='word_1_142' title='bbox 1615 1099 1682 1119; x_wconf 88' lang='lat' dir='ltr'>cum</span> <span class='ocrx_word' id='word_1_143' title='bbox 1701 1090 1764 1118; x_wconf 87' lang='lat' dir='ltr'>illis.</span> <span class='ocrx_word' id='word_1_144' title='bbox 1802 1091 1912 1128; x_wconf 85' lang='lat' dir='ltr'>accepit</span> 
     </span>
     <span class='ocr_line' id='line_1_33' title="bbox 401 1136 1913 1175; baseline 0.002 -12"><span class='ocrx_word' id='word_1_145' title='bbox 401 1145 517 1173; x_wconf 85' lang='lat' dir='ltr'>panem.</span> <span class='ocrx_word' id='word_1_146' title='bbox 554 1141 581 1164; x_wconf 88' lang='lat' dir='ltr'>et</span> <span class='ocrx_word' id='word_1_147' title='bbox 600 1136 755 1164; x_wconf 85' lang='lat' dir='ltr'>benedixit.</span> <span class='ocrx_word' id='word_1_148' title='bbox 792 1142 818 1164; x_wconf 89' lang='lat' dir='ltr'>et</span> <span class='ocrx_word' id='word_1_149' title='bbox 841 1136 924 1173; x_wconf 86' lang='lat' dir='ltr'>fregit</span> <span class='ocrx_word' id='word_1_150' title='bbox 942 1141 969 1164; x_wconf 86' lang='lat' dir='ltr'>et</span> <span class='ocrx_word' id='word_1_151' title='bbox 989 1136 1066 1164; x_wconf 91' lang='lat' dir='ltr'>dedit</span> <span class='ocrx_word' id='word_1_152' title='bbox 1085 1137 1133 1165; x_wconf 87' lang='lat' dir='ltr'>eis.</span> <span class='ocrx_word' id='word_1_153' title='bbox 1169 1137 1227 1164; x_wconf 71' lang='grc' dir='ltr'>31εἴ</span> <span class='ocrx_word' id='word_1_154' title='bbox 1242 1137 1331 1174; x_wconf 86' lang='lat' dir='ltr'>aperti</span> <span class='ocrx_word' id='word_1_155' title='bbox 1348 1142 1414 1164; x_wconf 87' lang='lat' dir='ltr'>sunt</span> <span class='ocrx_word' id='word_1_156' title='bbox 1430 1137 1506 1165; x_wconf 92' lang='lat' dir='ltr'>oculi</span> <span class='ocrx_word' id='word_1_157' title='bbox 1522 1146 1630 1166; x_wconf 90' lang='lat' dir='ltr'>eorum.</span> <span class='ocrx_word' id='word_1_158' title='bbox 1667 1143 1695 1166; x_wconf 88' lang='lat' dir='ltr'>et</span> <span class='ocrx_word' id='word_1_159' title='bbox 1711 1143 1913 1175; x_wconf 88' lang='lat' dir='ltr'>cognouerunt</span> 
     </span>
     <span class='ocr_line' id='line_1_34' title="bbox 402 1182 1912 1220; baseline 0.002 -10"><span class='ocrx_word' id='word_1_160' title='bbox 402 1191 477 1211; x_wconf 88' lang='lat' dir='ltr'>eum.</span> <span class='ocrx_word' id='word_1_161' title='bbox 513 1188 542 1211; x_wconf 90' lang='lat' dir='ltr'>et</span> <span class='ocrx_word' id='word_1_162' title='bbox 556 1183 617 1220; x_wconf 91' lang='lat' dir='ltr'>ipse</span> <span class='ocrx_word' id='word_1_163' title='bbox 633 1183 741 1211; x_wconf 88' lang='lat' dir='ltr'>inuisus</span> <span class='ocrx_word' id='word_1_164' title='bbox 757 1183 848 1211; x_wconf 88' lang='lat' dir='ltr'>factus</span> <span class='ocrx_word' id='word_1_165' title='bbox 863 1189 906 1211; x_wconf 88' lang='lat' dir='ltr'>est</span> <span class='ocrx_word' id='word_1_166' title='bbox 921 1183 971 1211; x_wconf 91' lang='lat' dir='ltr'>eis.</span> <span class='ocrx_word' id='word_1_167' title='bbox 1008 1182 1029 1198; x_wconf 78' lang='lat'>⁸²</span> <span class='ocrx_word' id='word_1_168' title='bbox 1039 1188 1066 1211; x_wconf 90' lang='lat' dir='ltr'>et</span> <span class='ocrx_word' id='word_1_169' title='bbox 1083 1183 1217 1212; x_wconf 86' lang='lat' dir='ltr'>dixerunt</span> <span class='ocrx_word' id='word_1_170' title='bbox 1236 1184 1273 1212; x_wconf 89' lang='lat' dir='ltr'>ad</span> <span class='ocrx_word' id='word_1_171' title='bbox 1294 1184 1426 1212; x_wconf 89' lang='lat' dir='ltr'>inuicem.</span> <span class='ocrx_word' id='word_1_172' title='bbox 1462 1193 1560 1213; x_wconf 89' lang='lat' dir='ltr'>nonne</span> <span class='ocrx_word' id='word_1_173' title='bbox 1581 1194 1632 1213; x_wconf 93' lang='lat' dir='ltr'>cor</span> <span class='ocrx_word' id='word_1_174' title='bbox 1652 1190 1784 1213; x_wconf 89' lang='lat' dir='ltr'>nostrum</span> <span class='ocrx_word' id='word_1_175' title='bbox 1804 1191 1863 1213; x_wconf 90' lang='lat' dir='ltr'>erat</span> <span class='ocrx_word' id='word_1_176' title='bbox 1883 1185 1912 1212; x_wconf 91' lang='lat' dir='ltr'>in</span> 
     </span>
     <span class='ocr_line' id='line_1_35' title="bbox 402 1230 1912 1268; baseline 0.001 -11"><span class='ocrx_word' id='word_1_177' title='bbox 402 1230 486 1258; x_wconf 86' lang='lat' dir='ltr'>nobis</span> <span class='ocrx_word' id='word_1_178' title='bbox 503 1230 618 1259; x_wconf 84' lang='lat' dir='ltr'>ardens.</span> <span class='ocrx_word' id='word_1_179' title='bbox 655 1230 724 1258; x_wconf 90' lang='lat' dir='ltr'>dum</span> <span class='ocrx_word' id='word_1_180' title='bbox 742 1230 907 1267; x_wconf 86' lang='lat' dir='ltr'>loqueretur</span> <span class='ocrx_word' id='word_1_181' title='bbox 922 1230 1006 1258; x_wconf 83' lang='lat' dir='ltr'>nobis</span> <span class='ocrx_word' id='word_1_182' title='bbox 1022 1230 1051 1258; x_wconf 90' lang='lat' dir='ltr'>in</span> <span class='ocrx_word' id='word_1_183' title='bbox 1067 1231 1122 1258; x_wconf 85' lang='lat' dir='ltr'>uia.</span> <span class='ocrx_word' id='word_1_184' title='bbox 1159 1236 1187 1259; x_wconf 89' lang='lat' dir='ltr'>et</span> <span class='ocrx_word' id='word_1_185' title='bbox 1207 1231 1328 1268; x_wconf 88' lang='lat' dir='ltr'>aperiret</span> <span class='ocrx_word' id='word_1_186' title='bbox 1348 1231 1433 1259; x_wconf 85' lang='lat' dir='ltr'>nobis</span> <span class='ocrx_word' id='word_1_187' title='bbox 1456 1232 1617 1260; x_wconf 85' lang='lat' dir='ltr'>scribturas.</span> <span class='ocrx_word' id='word_1_188' title='bbox 1654 1231 1675 1247; x_wconf 72' lang='lat'>³³</span> <span class='ocrx_word' id='word_1_189' title='bbox 1685 1237 1713 1259; x_wconf 88' lang='lat' dir='ltr'>et</span> <span class='ocrx_word' id='word_1_190' title='bbox 1728 1237 1912 1260; x_wconf 87' lang='lat' dir='ltr'>surrexerunt</span> 
     </span>
     <span class='ocr_line' id='line_1_36' title="bbox 402 1277 1912 1316; baseline 0.001 -11"><span class='ocrx_word' id='word_1_191' title='bbox 402 1277 504 1305; x_wconf 90' lang='lat' dir='ltr'>eadem</span> <span class='ocrx_word' id='word_1_192' title='bbox 520 1277 598 1305; x_wconf 87' lang='lat' dir='ltr'>hora.</span> <span class='ocrx_word' id='word_1_193' title='bbox 634 1282 662 1306; x_wconf 91' lang='lat' dir='ltr'>et</span> <span class='ocrx_word' id='word_1_194' title='bbox 678 1277 800 1314; x_wconf 83' lang='lat' dir='ltr'>regressi</span> <span class='ocrx_word' id='word_1_195' title='bbox 817 1282 882 1305; x_wconf 89' lang='lat' dir='ltr'>sunt</span> <span class='ocrx_word' id='word_1_196' title='bbox 898 1278 926 1304; x_wconf 93' lang='lat' dir='ltr'>in</span> <span class='ocrx_word' id='word_1_197' title='bbox 942 1277 1123 1305; x_wconf 85' lang='lat' dir='ltr'>hierusalem.</span> <span class='ocrx_word' id='word_1_198' title='bbox 1160 1283 1187 1306; x_wconf 92' lang='lat' dir='ltr'>et</span> <span class='ocrx_word' id='word_1_199' title='bbox 1204 1278 1376 1306; x_wconf 86' lang='lat' dir='ltr'>inuenerunt</span> <span class='ocrx_word' id='word_1_200' title='bbox 1392 1284 1587 1315; x_wconf 85' lang='lat' dir='ltr'>congregatos</span> <span class='ocrx_word' id='word_1_201' title='bbox 1602 1279 1737 1307; x_wconf 88' lang='lat' dir='ltr'>undecim</span> <span class='ocrx_word' id='word_1_202' title='bbox 1753 1279 1912 1316; x_wconf 89' lang='lat' dir='ltr'>apostolos.</span> 
     </span>
    </p>
   </div>
   <div class='ocr_carea' id='block_1_9' title="bbox 402 1324 1045 1361">
    <p class='ocr_par' dir='ltr' id='par_1_9' title="bbox 402 1324 1045 1361">
     <span class='ocr_line' id='line_1_37' title="bbox 402 1324 1045 1361; baseline 0.002 -10"><span class='ocrx_word' id='word_1_203' title='bbox 402 1329 429 1351; x_wconf 89' lang='lat' dir='ltr'>et</span> <span class='ocrx_word' id='word_1_204' title='bbox 451 1333 502 1352; x_wconf 90' lang='lat' dir='ltr'>eos</span> <span class='ocrx_word' id='word_1_205' title='bbox 524 1324 572 1361; x_wconf 89' lang='lat' dir='ltr'>qui</span> <span class='ocrx_word' id='word_1_206' title='bbox 594 1333 661 1352; x_wconf 87' lang='lat' dir='ltr'>cum</span> <span class='ocrx_word' id='word_1_207' title='bbox 683 1324 751 1361; x_wconf 79' lang='lat' dir='ltr'>ipsis</span> <span class='ocrx_word' id='word_1_208' title='bbox 773 1330 854 1352; x_wconf 80' lang='lat' dir='ltr'>erant</span> <span class='ocrx_word' id='word_1_209' title='bbox 875 1324 1045 1352; x_wconf 75' lang='lat' dir='ltr'>³⁴dieentes.</span> 
     </span>
    </p>
   </div>
   <div class='ocr_carea' id='block_1_10' title="bbox 1096 1324 1911 1363">
    <p class='ocr_par' dir='ltr' id='par_1_10' title="bbox 1096 1324 1911 1363">
     <span class='ocr_line' id='line_1_38' title="bbox 1096 1324 1911 1363; baseline 0.002 -11"><span class='ocrx_word' id='word_1_210' title='bbox 1096 1324 1163 1361; x_wconf 83' lang='lat' dir='ltr'>quia</span> <span class='ocrx_word' id='word_1_211' title='bbox 1183 1333 1250 1353; x_wconf 87' lang='lat' dir='ltr'>uere</span> <span class='ocrx_word' id='word_1_212' title='bbox 1271 1325 1407 1353; x_wconf 89' lang='lat' dir='ltr'>dominus</span> <span class='ocrx_word' id='word_1_213' title='bbox 1429 1326 1558 1354; x_wconf 89' lang='lat' dir='ltr'>surrexit.</span> <span class='ocrx_word' id='word_1_214' title='bbox 1596 1332 1622 1354; x_wconf 89' lang='lat' dir='ltr'>et</span> <span class='ocrx_word' id='word_1_215' title='bbox 1644 1327 1775 1363; x_wconf 85' lang='lat' dir='ltr'>apparuit</span> <span class='ocrx_word' id='word_1_216' title='bbox 1797 1327 1911 1354; x_wconf 88' lang='lat' dir='ltr'>simoni.</span> 
     </span>
    </p>
   </div>
   <div class='ocr_carea' id='block_1_11' title="bbox 402 1371 1911 1459">
    <p class='ocr_par' dir='ltr' id='par_1_11' title="bbox 402 1371 1911 1459">
     <span class='ocr_line' id='line_1_39' title="bbox 402 1371 1911 1409; baseline 0.003 -11"><span class='ocrx_word' id='word_1_217' title='bbox 402 1371 423 1385; x_wconf 68' lang='lat'>³³</span> <span class='ocrx_word' id='word_1_218' title='bbox 433 1375 460 1398; x_wconf 89' lang='lat' dir='ltr'>et</span> <span class='ocrx_word' id='word_1_219' title='bbox 476 1371 529 1407; x_wconf 88' lang='lat' dir='ltr'>ipsi</span> <span class='ocrx_word' id='word_1_220' title='bbox 550 1371 705 1399; x_wconf 82' lang='lat' dir='ltr'>narrabant</span> <span class='ocrx_word' id='word_1_221' title='bbox 725 1380 800 1408; x_wconf 86' lang='lat' dir='ltr'>quae</span> <span class='ocrx_word' id='word_1_222' title='bbox 821 1377 902 1408; x_wconf 83' lang='lat' dir='ltr'>gesta</span> <span class='ocrx_word' id='word_1_223' title='bbox 925 1377 1006 1399; x_wconf 82' lang='lat' dir='ltr'>erant</span> <span class='ocrx_word' id='word_1_224' title='bbox 1027 1371 1055 1398; x_wconf 89' lang='lat' dir='ltr'>in</span> <span class='ocrx_word' id='word_1_225' title='bbox 1076 1372 1132 1398; x_wconf 84' lang='lat' dir='ltr'>uia.</span> <span class='ocrx_word' id='word_1_226' title='bbox 1168 1377 1196 1399; x_wconf 90' lang='lat' dir='ltr'>et</span> <span class='ocrx_word' id='word_1_227' title='bbox 1216 1372 1366 1409; x_wconf 88' lang='lat' dir='ltr'>quomodo</span> <span class='ocrx_word' id='word_1_228' title='bbox 1388 1378 1589 1409; x_wconf 87' lang='lat' dir='ltr'>cognouerunt</span> <span class='ocrx_word' id='word_1_229' title='bbox 1610 1382 1686 1402; x_wconf 88' lang='lat' dir='ltr'>eum.</span> <span class='ocrx_word' id='word_1_230' title='bbox 1723 1373 1752 1401; x_wconf 92' lang='lat' dir='ltr'>in</span> <span class='ocrx_word' id='word_1_231' title='bbox 1773 1373 1911 1402; x_wconf 83' lang='lat' dir='ltr'>fractione</span> 
     </span>
     <span class='ocr_line' id='line_1_40' title="bbox 402 1417 1911 1459; baseline 0.003 -15"><span class='ocrx_word' id='word_1_232' title='bbox 402 1417 492 1454; x_wconf 85' lang='lat' dir='ltr'>panis.</span> <span class='ocrx_word' id='word_1_233' title='bbox 531 1417 632 1446; x_wconf 73' lang='lat' dir='ltr'>³⁶haec</span> <span class='ocrx_word' id='word_1_234' title='bbox 648 1418 813 1446; x_wconf 88' lang='lat' dir='ltr'>autemillis</span> <span class='ocrx_word' id='word_1_235' title='bbox 830 1418 1022 1455; x_wconf 83' lang='lat' dir='ltr'>loquentibus.</span> <span class='ocrx_word' id='word_1_236' title='bbox 1059 1418 1120 1454; x_wconf 82' lang='lat' dir='ltr'>ipse</span> <span class='ocrx_word' id='word_1_237' title='bbox 1141 1418 1216 1446; x_wconf 88' lang='lat' dir='ltr'>iesus</span> <span class='ocrx_word' id='word_1_238' title='bbox 1237 1419 1321 1447; x_wconf 83' lang='lat' dir='ltr'>stetit.</span> <span class='ocrx_word' id='word_1_239' title='bbox 1359 1419 1387 1446; x_wconf 91' lang='lat' dir='ltr'>in</span> <span class='ocrx_word' id='word_1_240' title='bbox 1407 1419 1503 1447; x_wconf 90' lang='lat' dir='ltr'>medio</span> <span class='ocrx_word' id='word_1_241' title='bbox 1525 1429 1635 1448; x_wconf 87' lang='lat' dir='ltr'>eorum.</span> <span class='ocrx_word' id='word_1_242' title='bbox 1672 1427 1698 1449; x_wconf 90' lang='lat' dir='ltr'>et</span> <span class='ocrx_word' id='word_1_243' title='bbox 1715 1421 1783 1449; x_wconf 87' lang='lat' dir='ltr'>dixit</span> <span class='ocrx_word' id='word_1_244' title='bbox 1799 1421 1839 1449; x_wconf 89' lang='lat' dir='ltr'>eis</span> <span class='ocrx_word' id='word_1_245' title='bbox 1855 1431 1911 1459; x_wconf 87' lang='lat' dir='ltr'>pax</span> 
     </span>
    </p>
   </div>
   <div class='ocr_carea' id='block_1_12' title="bbox 782 1491 1527 1494">
    <p class='ocr_par' dir='ltr' id='par_1_12' title="bbox 782 1491 1527 1494">
     <span class='ocr_line' id='line_1_41' title="bbox 782 1491 1527 1494; baseline 0 0"><span class='ocrx_word' id='word_1_246' title='bbox 782 1491 1527 1494; x_wconf 95' lang='lat' dir='ltr'> </span> 
     </span>
    </p>
   </div>
   <div class='ocr_carea' id='block_1_13' title="bbox 395 1535 1107 2661">
    <p class='ocr_par' dir='ltr' id='par_1_13' title="bbox 401 1535 1107 2034">
     <span class='ocr_line' id='line_1_42' title="bbox 402 1535 1105 1563; baseline 0.001 -5"><span class='ocrx_word' id='word_1_247' title='bbox 402 1535 430 1558; x_wconf 90' lang='lat' dir='ltr'>E.</span> <span class='ocrx_word' id='word_1_248' title='bbox 465 1536 562 1558; x_wconf 87' lang='lat' dir='ltr'>illum:</span> <span class='ocrx_word' id='word_1_249' title='bbox 587 1543 642 1559; x_wconf 85' lang='lat' dir='ltr'>eum</span> <span class='ocrx_word' id='word_1_250' title='bbox 661 1536 694 1559; x_wconf 91' lang='lat' dir='ltr'>D.</span> <span class='ocrx_word' id='word_1_251' title='bbox 731 1536 858 1559; x_wconf 89' lang='lat' dir='ltr'>uobiscum</span> <span class='ocrx_word' id='word_1_252' title='bbox 876 1536 921 1559; x_wconf 63' lang='lat' dir='ltr'>W.</span> <span class='ocrx_word' id='word_1_253' title='bbox 957 1537 1105 1563; x_wconf 77' lang='lat' dir='ltr'>aduesper-</span> 
     </span>
     <span class='ocr_line' id='line_1_43' title="bbox 401 1574 1106 1606; baseline 0 -9"><span class='ocrx_word' id='word_1_254' title='bbox 401 1575 473 1598; x_wconf 59' lang='lat' dir='ltr'>escit.</span> <span class='ocrx_word' id='word_1_255' title='bbox 487 1574 568 1605; x_wconf 88' lang='lat' dir='ltr'>(-escit</span> <span class='ocrx_word' id='word_1_256' title='bbox 580 1574 640 1603; x_wconf 53' lang='lat' dir='ltr'>EPR,</span> <span class='ocrx_word' id='word_1_257' title='bbox 654 1575 686 1597; x_wconf 91' lang='lat' dir='ltr'>ad</span> <span class='ocrx_word' id='word_1_258' title='bbox 703 1583 832 1606; x_wconf 81' lang='lat' dir='ltr'>uesperum</span> <span class='ocrx_word' id='word_1_259' title='bbox 851 1576 896 1599; x_wconf 86' lang='lat' dir='ltr'>scit</span> <span class='ocrx_word' id='word_1_260' title='bbox 909 1576 939 1605; x_wconf 80' lang='lat' dir='ltr'>Q,</span> <span class='ocrx_word' id='word_1_261' title='bbox 954 1575 985 1598; x_wconf 89' lang='lat' dir='ltr'>ad</span> <span class='ocrx_word' id='word_1_262' title='bbox 1003 1582 1106 1606; x_wconf 88' lang='lat' dir='ltr'>uespera</span> 
     </span>
     <span class='ocr_line' id='line_1_44' title="bbox 401 1613 1106 1644; baseline -0.001 -7"><span class='ocrx_word' id='word_1_263' title='bbox 401 1617 438 1638; x_wconf 84' lang='lat' dir='ltr'>est</span> <span class='ocrx_word' id='word_1_264' title='bbox 451 1613 485 1644; x_wconf 83' lang='lat' dir='ltr'>G)</span> <span class='ocrx_word' id='word_1_265' title='bbox 500 1616 528 1637; x_wconf 70' lang='lat' dir='ltr'>et·</span> <span class='ocrx_word' id='word_1_266' title='bbox 540 1615 677 1637; x_wconf 75' lang='lat' dir='ltr'>inclinata</span> <span class='ocrx_word' id='word_1_267' title='bbox 691 1614 764 1644; x_wconf 84' lang='lat' dir='ltr'>(decl.</span> <span class='ocrx_word' id='word_1_268' title='bbox 777 1614 932 1637; x_wconf 68' lang='lat' dir='ltr'>AEPFHXY</span> <span class='ocrx_word' id='word_1_269' title='bbox 950 1614 1045 1643; x_wconf 70' lang='lat' dir='ltr'>Tisclz.)</span> <span class='ocrx_word' id='word_1_270' title='bbox 1063 1617 1106 1636; x_wconf 73' lang='lat' dir='ltr'>est</span> 
     </span>
     <span class='ocr_line' id='line_1_45' title="bbox 404 1652 1106 1684; baseline 0 -8"><span class='ocrx_word' id='word_1_271' title='bbox 404 1655 460 1683; x_wconf 80' lang='lat' dir='ltr'>(om.</span> <span class='ocrx_word' id='word_1_272' title='bbox 474 1652 513 1681; x_wconf 74' lang='grc' dir='ltr'>ΞΡ)</span> <span class='ocrx_word' id='word_1_273' title='bbox 533 1654 588 1676; x_wconf 78' lang='lat' dir='ltr'>iam</span> <span class='ocrx_word' id='word_1_274' title='bbox 606 1654 667 1676; x_wconf 85' lang='lat' dir='ltr'>dies</span> <span class='ocrx_word' id='word_1_275' title='bbox 684 1653 748 1676; x_wconf 79' lang='lat' dir='ltr'>codd.</span> <span class='ocrx_word' id='word_1_276' title='bbox 762 1654 832 1684; x_wconf 78' lang='lat' dir='ltr'>plur.</span> <span class='ocrx_word' id='word_1_277' title='bbox 849 1661 888 1684; x_wconf 74' lang='lat' dir='ltr'>vg.</span> <span class='ocrx_word' id='word_1_278' title='bbox 905 1661 963 1676; x_wconf 88' lang='lat' dir='ltr'>aur.</span> <span class='ocrx_word' id='word_1_279' title='bbox 976 1653 1005 1684; x_wconf 86' lang='lat' dir='ltr'>cf.</span> <span class='ocrx_word' id='word_1_280' title='bbox 1019 1653 1106 1676; x_wconf 84' lang='lat' dir='ltr'>adues-</span> 
     </span>
     <span class='ocr_line' id='line_1_46' title="bbox 402 1691 1104 1724; baseline 0 -9"><span class='ocrx_word' id='word_1_281' title='bbox 402 1691 507 1723; x_wconf 81' lang='lat' dir='ltr'>peraseit</span> <span class='ocrx_word' id='word_1_282' title='bbox 519 1691 558 1715; x_wconf 85' lang='lat' dir='ltr'>uel</span> <span class='ocrx_word' id='word_1_283' title='bbox 575 1700 702 1724; x_wconf 78' lang='lat' dir='ltr'>uesperum</span> <span class='ocrx_word' id='word_1_284' title='bbox 719 1696 754 1716; x_wconf 85' lang='lat' dir='ltr'>est</span> <span class='ocrx_word' id='word_1_285' title='bbox 771 1697 794 1716; x_wconf 90' lang='lat' dir='ltr'>et</span> <span class='ocrx_word' id='word_1_286' title='bbox 811 1692 919 1716; x_wconf 80' lang='lat' dir='ltr'>declinat</span> <span class='ocrx_word' id='word_1_287' title='bbox 938 1693 989 1716; x_wconf 85' lang='lat' dir='ltr'>iam</span> <span class='ocrx_word' id='word_1_288' title='bbox 1007 1693 1059 1715; x_wconf 79' lang='lat' dir='ltr'>dies</span> <span class='ocrx_word' id='word_1_289' title='bbox 1076 1693 1104 1715; x_wconf 75' lang='grc' dir='ltr'>δε</span> 
     </span>
     <span class='ocr_line' id='line_1_47' title="bbox 402 1731 1104 1762; baseline 0 -8"><span class='ocrx_word' id='word_1_290' title='bbox 402 1731 433 1754; x_wconf 90' lang='lat' dir='ltr'>ad</span> <span class='ocrx_word' id='word_1_291' title='bbox 451 1739 580 1762; x_wconf 84' lang='lat' dir='ltr'>uesperum</span> <span class='ocrx_word' id='word_1_292' title='bbox 598 1731 648 1754; x_wconf 83' lang='lat' dir='ltr'>iam</span> <span class='ocrx_word' id='word_1_293' title='bbox 669 1733 725 1761; x_wconf 84' lang='lat' dir='ltr'>(om.</span> <span class='ocrx_word' id='word_1_294' title='bbox 740 1739 751 1754; x_wconf 84' lang='lat' dir='ltr'><em>c</em></span> <span class='ocrx_word' id='word_1_295' title='bbox 766 1732 784 1755; x_wconf 81' lang='lat' dir='ltr'>d</span> <span class='ocrx_word' id='word_1_296' title='bbox 797 1732 818 1760; x_wconf 90' lang='lat' dir='ltr'>l)</span> <span class='ocrx_word' id='word_1_297' title='bbox 838 1732 973 1755; x_wconf 84' lang='lat' dir='ltr'>declinauit</span> <span class='ocrx_word' id='word_1_298' title='bbox 993 1734 1054 1762; x_wconf 88' lang='lat' dir='ltr'>(-nat</span> <span class='ocrx_word' id='word_1_299' title='bbox 1073 1732 1104 1761; x_wconf 84' lang='lat' dir='ltr'>E)</span> 
     </span>
     <span class='ocr_line' id='line_1_48' title="bbox 403 1769 1105 1802; baseline 0 -9"><span class='ocrx_word' id='word_1_300' title='bbox 403 1770 455 1793; x_wconf 86' lang='lat' dir='ltr'>dies</span> <span class='ocrx_word' id='word_1_301' title='bbox 468 1769 630 1799; x_wconf 58' lang='lat' dir='ltr'>CtdiaeleT</span> <span class='ocrx_word' id='word_1_302' title='bbox 643 1778 657 1792; x_wconf 88' lang='grc' dir='ltr'><em>α</em></span> <span class='ocrx_word' id='word_1_303' title='bbox 670 1770 683 1792; x_wconf 82' lang='lat' dir='ltr'><em>b</em></span> <span class='ocrx_word' id='word_1_304' title='bbox 695 1778 706 1792; x_wconf 78' lang='lat' dir='ltr'>r</span> <span class='ocrx_word' id='word_1_305' title='bbox 717 1770 756 1793; x_wconf 74' lang='lat' dir='ltr'>de</span> <span class='ocrx_word' id='word_1_306' title='bbox 766 1770 801 1802; x_wconf 81' lang='lat' dir='ltr'>ff,</span> <span class='ocrx_word' id='word_1_307' title='bbox 814 1771 825 1793; x_wconf 86' lang='lat' dir='ltr'><em>l</em></span> <span class='ocrx_word' id='word_1_308' title='bbox 837 1772 881 1800; x_wconf 63' lang='lat' dir='ltr'>(r),</span> <span class='ocrx_word' id='word_1_309' title='bbox 894 1774 916 1794; x_wconf 77' lang='lat' dir='ltr'>et</span> <span class='ocrx_word' id='word_1_310' title='bbox 928 1770 959 1793; x_wconf 87' lang='lat' dir='ltr'>ad</span> <span class='ocrx_word' id='word_1_311' title='bbox 975 1778 1105 1801; x_wconf 83' lang='lat' dir='ltr'>uesperum</span> 
     </span>
     <span class='ocr_line' id='line_1_49' title="bbox 405 1809 1107 1840; baseline 0 -8"><span class='ocrx_word' id='word_1_312' title='bbox 405 1809 538 1832; x_wconf 71' lang='lat' dir='ltr'>declinauit</span> <span class='ocrx_word' id='word_1_313' title='bbox 551 1810 599 1832; x_wconf 84' lang='lat' dir='ltr'>iam</span> <span class='ocrx_word' id='word_1_314' title='bbox 613 1809 666 1831; x_wconf 83' lang='lat' dir='ltr'>dies</span> <span class='ocrx_word' id='word_1_315' title='bbox 679 1810 695 1832; x_wconf 86' lang='lat' dir='ltr'>J</span> <span class='ocrx_word' id='word_1_316' title='bbox 707 1817 712 1837; x_wconf 84' lang='lat'><em>;</em></span> <span class='ocrx_word' id='word_1_317' title='bbox 731 1809 814 1832; x_wconf 67' lang='lat' dir='ltr'>(nubas</span> <span class='ocrx_word' id='word_1_318' title='bbox 826 1810 936 1833; x_wconf 62' lang='lat' dir='ltr'>lectiones</span> <span class='ocrx_word' id='word_1_319' title='bbox 948 1810 1107 1840; x_wconf 80' lang='lat' dir='ltr'>confundunt</span> 
     </span>
     <span class='ocr_line' id='line_1_50' title="bbox 403 1847 1105 1878; baseline 0 -7"><span class='ocrx_word' id='word_1_320' title='bbox 403 1848 497 1878; x_wconf 65' lang='lat' dir='ltr'>Dgat„</span> <span class='ocrx_word' id='word_1_321' title='bbox 510 1847 689 1878; x_wconf 83' lang='lat' dir='ltr'>aduesperescit</span> <span class='ocrx_word' id='word_1_322' title='bbox 706 1852 728 1871; x_wconf 86' lang='lat' dir='ltr'>et</span> <span class='ocrx_word' id='word_1_323' title='bbox 745 1848 863 1871; x_wconf 82' lang='lat' dir='ltr'>inclinata</span> <span class='ocrx_word' id='word_1_324' title='bbox 879 1852 915 1871; x_wconf 87' lang='lat' dir='ltr'>est</span> <span class='ocrx_word' id='word_1_325' title='bbox 932 1849 982 1871; x_wconf 86' lang='lat' dir='ltr'>iam</span> <span class='ocrx_word' id='word_1_326' title='bbox 999 1848 1105 1872; x_wconf 82' lang='lat' dir='ltr'>declinat</span> 
     </span>
     <span class='ocr_line' id='line_1_51' title="bbox 403 1886 1105 1917; baseline 0.003 -8"><span class='ocrx_word' id='word_1_327' title='bbox 403 1887 455 1910; x_wconf 85' lang='lat' dir='ltr'>dies</span> <span class='ocrx_word' id='word_1_328' title='bbox 463 1890 524 1917; x_wconf 63' lang='lat' dir='ltr'>gat„</span> <span class='ocrx_word' id='word_1_329' title='bbox 539 1886 705 1910; x_wconf 86' lang='lat' dir='ltr'>aduersarium</span> <span class='ocrx_word' id='word_1_330' title='bbox 718 1887 824 1910; x_wconf 87' lang='lat' dir='ltr'>declinat</span> <span class='ocrx_word' id='word_1_331' title='bbox 838 1887 890 1911; x_wconf 86' lang='lat' dir='ltr'>dies</span> <span class='ocrx_word' id='word_1_332' title='bbox 901 1891 925 1910; x_wconf 91' lang='lat' dir='ltr'>et</span> <span class='ocrx_word' id='word_1_333' title='bbox 937 1887 1055 1911; x_wconf 87' lang='lat' dir='ltr'>inclinata</span> <span class='ocrx_word' id='word_1_334' title='bbox 1069 1892 1105 1911; x_wconf 86' lang='lat' dir='ltr'>est</span> 
     </span>
     <span class='ocr_line' id='line_1_52' title="bbox 403 1925 1105 1956; baseline 0.003 -8"><span class='ocrx_word' id='word_1_335' title='bbox 403 1925 451 1948; x_wconf 86' lang='lat' dir='ltr'>iam</span> <span class='ocrx_word' id='word_1_336' title='bbox 469 1925 522 1948; x_wconf 79' lang='lat' dir='ltr'>dies</span> <span class='ocrx_word' id='word_1_337' title='bbox 535 1926 576 1953; x_wconf 83' lang='lat' dir='ltr'>D;</span> <span class='ocrx_word' id='word_1_338' title='bbox 592 1925 617 1956; x_wconf 88' lang='lat' dir='ltr'><em>s</em></span> <span class='ocrx_word' id='word_1_339' title='bbox 627 1925 684 1948; x_wconf 57' lang='lat' dir='ltr'>uide</span> <span class='ocrx_word' id='word_1_340' title='bbox 701 1929 785 1956; x_wconf 73' lang='lat' dir='ltr'>supra.</span> <span class='ocrx_word' id='word_1_341' title='bbox 823 1928 959 1950; x_wconf 72' lang='lat' dir='ltr'>intrauit:</span> <span class='ocrx_word' id='word_1_342' title='bbox 981 1934 1105 1950; x_wconf 78' lang='lat' dir='ltr'>÷manere</span> 
     </span>
     <span class='ocr_line' id='line_1_53' title="bbox 404 1964 1103 1996; baseline 0.004 -10"><span class='ocrx_word' id='word_1_343' title='bbox 404 1967 438 1991; x_wconf 76' lang='lat' dir='ltr'>(et</span> <span class='ocrx_word' id='word_1_344' title='bbox 445 1972 485 1994; x_wconf 75' lang='lat' dir='ltr'>gr.</span> <span class='ocrx_word' id='word_1_345' title='bbox 496 1964 608 1993; x_wconf 81' lang='grc' dir='ltr'>εἰσῆλθεν</span> <span class='ocrx_word' id='word_1_346' title='bbox 621 1964 664 1986; x_wconf 84' lang='grc' dir='ltr'>τοῦ</span> <span class='ocrx_word' id='word_1_347' title='bbox 676 1965 763 1994; x_wconf 78' lang='grc' dir='ltr'>μεῖναι)</span> <span class='ocrx_word' id='word_1_348' title='bbox 777 1965 872 1995; x_wconf 83' lang='lat' dir='ltr'>DEQR</span> <span class='ocrx_word' id='word_1_349' title='bbox 881 1969 933 1996; x_wconf 81' lang='lat' dir='ltr'>gat.</span> <span class='ocrx_word' id='word_1_350' title='bbox 944 1966 1026 1990; x_wconf 52' lang='lat' dir='ltr'>Bentl.</span> <span class='ocrx_word' id='word_1_351' title='bbox 1037 1967 1103 1995; x_wconf 62' lang='lat' dir='ltr'>dra,</span> 
     </span>
     <span class='ocr_line' id='line_1_54' title="bbox 403 2002 866 2034; baseline 0.002 -8"><span class='ocrx_word' id='word_1_352' title='bbox 403 2002 433 2033; x_wconf 63' lang='lat' dir='ltr'>qs.</span> <span class='ocrx_word' id='word_1_353' title='bbox 445 2007 472 2026; x_wconf 91' lang='lat' dir='ltr'>ut</span> <span class='ocrx_word' id='word_1_354' title='bbox 484 2007 592 2026; x_wconf 87' lang='lat' dir='ltr'>maneret</span> <span class='ocrx_word' id='word_1_355' title='bbox 604 2011 620 2026; x_wconf 89' lang='lat' dir='ltr'>a</span> <span class='ocrx_word' id='word_1_356' title='bbox 631 2011 642 2026; x_wconf 82' lang='lat' dir='ltr'><em>c</em></span> <span class='ocrx_word' id='word_1_357' title='bbox 654 2003 694 2034; x_wconf 79' lang='lat' dir='ltr'>es,</span> <span class='ocrx_word' id='word_1_358' title='bbox 708 2008 731 2027; x_wconf 86' lang='lat' dir='ltr'>et</span> <span class='ocrx_word' id='word_1_359' title='bbox 744 2005 833 2027; x_wconf 77' lang='lat' dir='ltr'>mansit</span> <span class='ocrx_word' id='word_1_360' title='bbox 846 2004 866 2027; x_wconf 68' lang='lat' dir='ltr'>b,</span> 
     </span>
    </p>

    <p class='ocr_par' dir='ltr' id='par_1_14' title="bbox 395 2043 1105 2265">
     <span class='ocr_line' id='line_1_55' title="bbox 437 2043 1103 2074; baseline 0.003 -9"><span class='ocrx_word' id='word_1_361' title='bbox 437 2049 476 2071; x_wconf 79' lang='lat'>30.</span> <span class='ocrx_word' id='word_1_362' title='bbox 494 2045 522 2065; x_wconf 74' lang='lat' dir='ltr'>et</span> <span class='ocrx_word' id='word_1_363' title='bbox 540 2043 605 2065; x_wconf 78' lang='lat' dir='ltr'>fact.</span> <span class='ocrx_word' id='word_1_364' title='bbox 618 2045 661 2065; x_wconf 69' lang='lat' dir='ltr'>est.</span> <span class='ocrx_word' id='word_1_365' title='bbox 681 2043 749 2073; x_wconf 79' lang='lat' dir='ltr'>(÷in</span> <span class='ocrx_word' id='word_1_366' title='bbox 768 2051 797 2066; x_wconf 83' lang='lat' dir='ltr'>eo</span> <span class='ocrx_word' id='word_1_367' title='bbox 813 2051 824 2066; x_wconf 74' lang='lat' dir='ltr'><em>c</em></span> <span class='ocrx_word' id='word_1_368' title='bbox 840 2043 861 2073; x_wconf 83' lang='lat' dir='ltr'>e)</span> <span class='ocrx_word' id='word_1_369' title='bbox 876 2045 943 2066; x_wconf 87' lang='lat' dir='ltr'>dum</span> <span class='ocrx_word' id='word_1_370' title='bbox 958 2044 1023 2074; x_wconf 87' lang='lat' dir='ltr'>(cum</span> <span class='ocrx_word' id='word_1_371' title='bbox 1037 2044 1063 2067; x_wconf 93' lang='lat' dir='ltr'>M</span> <span class='ocrx_word' id='word_1_372' title='bbox 1077 2046 1103 2072; x_wconf 78' lang='grc' dir='ltr'>α)</span> 
     </span>
     <span class='ocr_line' id='line_1_56' title="bbox 403 2081 1101 2113; baseline 0.004 -9"><span class='ocrx_word' id='word_1_373' title='bbox 403 2083 524 2104; x_wconf 80' lang='lat' dir='ltr'>recumb.</span> <span class='ocrx_word' id='word_1_374' title='bbox 548 2081 719 2111; x_wconf 84' lang='lat' dir='ltr'>(discubuisset</span> <span class='ocrx_word' id='word_1_375' title='bbox 740 2082 766 2111; x_wconf 87' lang='lat' dir='ltr'>a)</span> <span class='ocrx_word' id='word_1_376' title='bbox 785 2090 848 2106; x_wconf 83' lang='lat' dir='ltr'>oum</span> <span class='ocrx_word' id='word_1_377' title='bbox 869 2084 927 2105; x_wconf 87' lang='lat' dir='ltr'>illis</span> <span class='ocrx_word' id='word_1_378' title='bbox 950 2084 995 2113; x_wconf 86' lang='lat' dir='ltr'>(eis</span> <span class='ocrx_word' id='word_1_379' title='bbox 1013 2083 1045 2106; x_wconf 94' lang='lat' dir='ltr'>W</span> <span class='ocrx_word' id='word_1_380' title='bbox 1063 2091 1101 2113; x_wconf 58' lang='lat' dir='ltr'>tgr.</span> 
     </span>
     <span class='ocr_line' id='line_1_57' title="bbox 395 2120 1105 2153; baseline 0.004 -10"><span class='ocrx_word' id='word_1_381' title='bbox 395 2120 431 2152; x_wconf 73' lang='lat' dir='ltr'><em>ffi</em></span> <span class='ocrx_word' id='word_1_382' title='bbox 444 2120 468 2149; x_wconf 80' lang='lat' dir='ltr'>r)</span> <span class='ocrx_word' id='word_1_383' title='bbox 480 2128 484 2144; x_wconf 92' lang='lat'>:</span> <span class='ocrx_word' id='word_1_384' title='bbox 503 2129 548 2144; x_wconf 85' lang='lat' dir='ltr'>om.</span> <span class='ocrx_word' id='word_1_385' title='bbox 563 2121 587 2144; x_wconf 96' lang='lat' dir='ltr'><strong>D</strong></span> <span class='ocrx_word' id='word_1_386' title='bbox 599 2129 604 2149; x_wconf 88' lang='lat'>;</span> <span class='ocrx_word' id='word_1_387' title='bbox 623 2121 672 2144; x_wconf 83' lang='lat' dir='ltr'>litt.</span> <span class='ocrx_word' id='word_1_388' title='bbox 686 2121 747 2145; x_wconf 82' lang='lat' dir='ltr'>min.</span> <span class='ocrx_word' id='word_1_389' title='bbox 761 2129 806 2145; x_wconf 55' lang='grc' dir='ltr'>Ατίν.</span> <span class='ocrx_word' id='word_1_390' title='bbox 819 2121 851 2145; x_wconf 88' lang='lat' dir='ltr'>X.</span> <span class='ocrx_word' id='word_1_391' title='bbox 888 2122 978 2152; x_wconf 83' lang='lat' dir='ltr'>accipit</span> <span class='ocrx_word' id='word_1_392' title='bbox 992 2123 1105 2153; x_wconf 46' lang='lat' dir='ltr'>{PQRQ</span> 
     </span>
     <span class='ocr_line' id='line_1_58' title="bbox 403 2160 1105 2192; baseline 0.001 -9"><span class='ocrx_word' id='word_1_393' title='bbox 403 2164 532 2191; x_wconf 84' lang='lat' dir='ltr'>acceptum</span> <span class='ocrx_word' id='word_1_394' title='bbox 551 2168 582 2187; x_wconf 86' lang='lat' dir='ltr'>a;</span> <span class='ocrx_word' id='word_1_395' title='bbox 608 2166 625 2183; x_wconf 67' lang='grc'>4-</span> <span class='ocrx_word' id='word_1_396' title='bbox 637 2160 702 2184; x_wconf 86' lang='lat' dir='ltr'>iesus</span> <span class='ocrx_word' id='word_1_397' title='bbox 721 2160 748 2183; x_wconf 92' lang='lat' dir='ltr'>E.</span> <span class='ocrx_word' id='word_1_398' title='bbox 784 2168 834 2184; x_wconf 79' lang='lat' dir='ltr'>ae:</span> <span class='ocrx_word' id='word_1_399' title='bbox 857 2165 880 2184; x_wconf 85' lang='lat' dir='ltr'>et</span> <span class='ocrx_word' id='word_1_400' title='bbox 898 2161 1105 2192; x_wconf 68' lang='lat' dir='ltr'>ffiCDKQTVZ.</span> 
     </span>
     <span class='ocr_line' id='line_1_59' title="bbox 402 2200 1104 2231; baseline 0.004 -10"><span class='ocrx_word' id='word_1_401' title='bbox 402 2207 449 2222; x_wconf 77' lang='lat' dir='ltr'>am.</span> <span class='ocrx_word' id='word_1_402' title='bbox 462 2206 493 2222; x_wconf 75' lang='lat' dir='ltr'>ae</span> <span class='ocrx_word' id='word_1_403' title='bbox 510 2200 596 2226; x_wconf 76' lang='lat' dir='ltr'>fregit</span> <span class='ocrx_word' id='word_1_404' title='bbox 613 2200 632 2222; x_wconf 82' lang='lat' dir='ltr'>d</span> <span class='ocrx_word' id='word_1_405' title='bbox 646 2203 669 2223; x_wconf 81' lang='lat' dir='ltr'>el</span> <span class='ocrx_word' id='word_1_406' title='bbox 685 2200 738 2223; x_wconf 66' lang='lat' dir='ltr'>DW.</span> <span class='ocrx_word' id='word_1_407' title='bbox 774 2200 921 2231; x_wconf 83' lang='lat' dir='ltr'>porregebat</span> <span class='ocrx_word' id='word_1_408' title='bbox 936 2201 975 2229; x_wconf 91' lang='lat' dir='ltr'>D;</span> <span class='ocrx_word' id='word_1_409' title='bbox 1000 2201 1067 2224; x_wconf 85' lang='lat' dir='ltr'>dedit</span> <span class='ocrx_word' id='word_1_410' title='bbox 1079 2202 1104 2231; x_wconf 84' lang='lat' dir='ltr'>f,</span> 
     </span>
     <span class='ocr_line' id='line_1_60' title="bbox 403 2237 682 2265; baseline 0.004 -5"><span class='ocrx_word' id='word_1_411' title='bbox 403 2237 478 2261; x_wconf 80' lang='lat' dir='ltr'>dabat</span> <span class='ocrx_word' id='word_1_412' title='bbox 490 2238 513 2265; x_wconf 82' lang='lat' dir='ltr'>d,</span> <span class='ocrx_word' id='word_1_413' title='bbox 526 2238 630 2261; x_wconf 84' lang='lat' dir='ltr'>tradidit</span> <span class='ocrx_word' id='word_1_414' title='bbox 642 2247 653 2261; x_wconf 90' lang='lat' dir='ltr'><em>c</em></span> <span class='ocrx_word' id='word_1_415' title='bbox 665 2246 682 2261; x_wconf 80' lang='lat' dir='ltr'>e.</span> 
     </span>
    </p>

    <p class='ocr_par' dir='ltr' id='par_1_15' title="bbox 403 2277 1106 2661">
     <span class='ocr_line' id='line_1_61' title="bbox 438 2277 1104 2309; baseline 0.005 -10"><span class='ocrx_word' id='word_1_416' title='bbox 438 2283 475 2306; x_wconf 75' lang='lat'>31.</span> <span class='ocrx_word' id='word_1_417' title='bbox 495 2277 542 2300; x_wconf 76' lang='lat' dir='ltr'>inc.</span> <span class='ocrx_word' id='word_1_418' title='bbox 552 2285 608 2301; x_wconf 88' lang='lat' dir='ltr'>cum</span> <span class='ocrx_word' id='word_1_419' title='bbox 621 2278 772 2309; x_wconf 81' lang='lat' dir='ltr'>accepissent</span> <span class='ocrx_word' id='word_1_420' title='bbox 785 2282 866 2302; x_wconf 88' lang='lat' dir='ltr'>autem</span> <span class='ocrx_word' id='word_1_421' title='bbox 879 2286 966 2309; x_wconf 87' lang='lat' dir='ltr'>panem</span> <span class='ocrx_word' id='word_1_422' title='bbox 980 2279 1012 2302; x_wconf 87' lang='lat' dir='ltr'>ab</span> <span class='ocrx_word' id='word_1_423' title='bbox 1024 2287 1053 2302; x_wconf 78' lang='lat' dir='ltr'>eo</span> <span class='ocrx_word' id='word_1_424' title='bbox 1063 2287 1074 2302; x_wconf 80' lang='lat' dir='ltr'><em>c</em></span> <span class='ocrx_word' id='word_1_425' title='bbox 1086 2287 1104 2307; x_wconf 77' lang='grc' dir='ltr'>ι’,</span> 
     </span>
     <span class='ocr_line' id='line_1_62' title="bbox 404 2316 1104 2348; baseline 0.004 -10"><span class='ocrx_word' id='word_1_426' title='bbox 404 2316 577 2346; x_wconf 86' lang='lat' dir='ltr'>accipientium</span> <span class='ocrx_word' id='word_1_427' title='bbox 601 2320 684 2340; x_wconf 82' lang='lat' dir='ltr'>autem</span> <span class='ocrx_word' id='word_1_428' title='bbox 706 2325 791 2340; x_wconf 88' lang='lat' dir='ltr'>eorum</span> <span class='ocrx_word' id='word_1_429' title='bbox 816 2326 840 2348; x_wconf 89' lang='lat' dir='ltr'>p.</span> <span class='ocrx_word' id='word_1_430' title='bbox 861 2318 893 2341; x_wconf 87' lang='lat' dir='ltr'>ab</span> <span class='ocrx_word' id='word_1_431' title='bbox 916 2325 945 2341; x_wconf 93' lang='lat' dir='ltr'>eo</span> <span class='ocrx_word' id='word_1_432' title='bbox 965 2318 984 2340; x_wconf 82' lang='lat' dir='ltr'>d</span> <span class='ocrx_word' id='word_1_433' title='bbox 1000 2321 1023 2341; x_wconf 78' lang='lat' dir='ltr'>ct</span> <span class='ocrx_word' id='word_1_434' title='bbox 1044 2319 1104 2345; x_wconf 71' lang='lat' dir='ltr'>Dur;</span> 
     </span>
     <span class='ocr_line' id='line_1_63' title="bbox 404 2355 1104 2387; baseline 0.003 -9"><span class='ocrx_word' id='word_1_435' title='bbox 404 2355 507 2378; x_wconf 72' lang='lat' dir='ltr'>uidetur</span> <span class='ocrx_word' id='word_1_436' title='bbox 517 2359 599 2378; x_wconf 77' lang='lat' dir='ltr'>aulem</span> <span class='ocrx_word' id='word_1_437' title='bbox 612 2363 642 2379; x_wconf 78' lang='lat' dir='ltr'>ex</span> <span class='ocrx_word' id='word_1_438' title='bbox 657 2356 725 2386; x_wconf 75' lang='lat' dir='ltr'>Orig.</span> <span class='ocrx_word' id='word_1_439' title='bbox 738 2360 823 2379; x_wconf 77' lang='lat' dir='ltr'>contra</span> <span class='ocrx_word' id='word_1_440' title='bbox 839 2357 898 2380; x_wconf 77' lang='lat' dir='ltr'>Cels.</span> <span class='ocrx_word' id='word_1_441' title='bbox 913 2357 946 2380; x_wconf 88' lang='grc' dir='ltr'>ΙΙ.</span> <span class='ocrx_word' id='word_1_442' title='bbox 960 2356 990 2379; x_wconf 90' lang='grc'>68</span> <span class='ocrx_word' id='word_1_443' title='bbox 1005 2357 1071 2387; x_wconf 72' lang='lat' dir='ltr'>(Del.</span> <span class='ocrx_word' id='word_1_444' title='bbox 1086 2358 1104 2380; x_wconf 94' lang='grc' dir='ltr'>Ι.</span> 
     </span>
     <span class='ocr_line' id='line_1_64' title="bbox 404 2394 1106 2426; baseline 0.004 -10"><span class='ocrx_word' id='word_1_445' title='bbox 404 2394 463 2423; x_wconf 75' lang='grc'>438)</span> <span class='ocrx_word' id='word_1_446' title='bbox 479 2394 590 2425; x_wconf 75' lang='lat' dir='ltr'>fluxisse</span> <span class='ocrx_word' id='word_1_447' title='bbox 613 2395 659 2426; x_wconf 81' lang='lat' dir='ltr'>qui</span> <span class='ocrx_word' id='word_1_448' title='bbox 679 2395 707 2418; x_wconf 76' lang='lat' dir='ltr'>de</span> <span class='ocrx_word' id='word_1_449' title='bbox 730 2395 773 2418; x_wconf 76' lang='lat' dir='ltr'>lzoc</span> <span class='ocrx_word' id='word_1_450' title='bbox 796 2396 842 2418; x_wconf 75' lang='lat' dir='ltr'>loco</span> <span class='ocrx_word' id='word_1_451' title='bbox 865 2397 901 2419; x_wconf 80' lang='lat' dir='ltr'>ila</span> <span class='ocrx_word' id='word_1_452' title='bbox 924 2396 999 2419; x_wconf 74' lang='lat' dir='ltr'>libere</span> <span class='ocrx_word' id='word_1_453' title='bbox 1020 2396 1106 2419; x_wconf 66' lang='lat' dir='ltr'>scribit</span> 
     </span>
     <span class='ocr_line' id='line_1_65' title="bbox 403 2432 1105 2465; baseline 0.003 -10"><span class='ocrx_word' id='word_1_454' title='bbox 403 2432 538 2463; x_wconf 73' lang='grc' dir='ltr'>’γέ-γραπται</span> <span class='ocrx_word' id='word_1_455' title='bbox 557 2433 605 2464; x_wconf 67' lang='grc' dir='ltr'><strong><em>’γὰρ</em></strong></span> <span class='ocrx_word' id='word_1_456' title='bbox 623 2434 650 2457; x_wconf 79' lang='grc' dir='ltr'>ἐν</span> <span class='ocrx_word' id='word_1_457' title='bbox 668 2435 702 2465; x_wconf 80' lang='grc' dir='ltr'>τῷ</span> <span class='ocrx_word' id='word_1_458' title='bbox 721 2434 784 2457; x_wconf 78' lang='grc' dir='ltr'>κατὰ</span> <span class='ocrx_word' id='word_1_459' title='bbox 801 2435 903 2463; x_wconf 86' lang='grc' dir='ltr'>Λουκᾶν,</span> <span class='ocrx_word' id='word_1_460' title='bbox 922 2435 959 2459; x_wconf 81' lang='grc' dir='ltr'>ὅτι</span> <span class='ocrx_word' id='word_1_461' title='bbox 977 2434 1040 2464; x_wconf 81' lang='grc' dir='ltr'>μετὰ</span> <span class='ocrx_word' id='word_1_462' title='bbox 1060 2435 1105 2464; x_wconf 88' lang='grc' dir='ltr'>τὴν</span> 
     </span>
     <span class='ocr_line' id='line_1_66' title="bbox 404 2472 1104 2504; baseline 0.004 -10"><span class='ocrx_word' id='word_1_463' title='bbox 404 2472 538 2495; x_wconf 75' lang='grc' dir='ltr'>ἀνάστασιν</span> <span class='ocrx_word' id='word_1_464' title='bbox 550 2473 634 2499; x_wconf 80' lang='grc' dir='ltr'>λαβὼν</span> <span class='ocrx_word' id='word_1_465' title='bbox 646 2472 689 2496; x_wconf 70' lang='grc' dir='ltr'>τὸν</span> <span class='ocrx_word' id='word_1_466' title='bbox 701 2473 775 2503; x_wconf 82' lang='grc' dir='ltr'>ἄρτον</span> <span class='ocrx_word' id='word_1_467' title='bbox 791 2474 803 2497; x_wconf 85' lang='grc' dir='ltr'>ὁ</span> <span class='ocrx_word' id='word_1_468' title='bbox 817 2473 908 2504; x_wconf 75' lang='grc' dir='ltr'>Ἰησοῦς</span> <span class='ocrx_word' id='word_1_469' title='bbox 924 2474 1054 2504; x_wconf 75' lang='grc' dir='ltr'>εὐλόγησε,</span> <span class='ocrx_word' id='word_1_470' title='bbox 1067 2474 1104 2497; x_wconf 77' lang='grc' dir='ltr'>καὶ</span> 
     </span>
     <span class='ocr_line' id='line_1_67' title="bbox 404 2511 1105 2544; baseline 0.004 -11"><span class='ocrx_word' id='word_1_471' title='bbox 404 2511 495 2534; x_wconf 81' lang='grc' dir='ltr'>κλάσας</span> <span class='ocrx_word' id='word_1_472' title='bbox 508 2511 614 2534; x_wconf 80' lang='grc' dir='ltr'>ἐπεδίδου</span> <span class='ocrx_word' id='word_1_473' title='bbox 627 2513 660 2543; x_wconf 83' lang='grc' dir='ltr'>τῷ</span> <span class='ocrx_word' id='word_1_474' title='bbox 670 2511 755 2542; x_wconf 80' lang='grc' dir='ltr'>Σίμωνι</span> <span class='ocrx_word' id='word_1_475' title='bbox 769 2513 807 2536; x_wconf 72' lang='grc' dir='ltr'>καὶ</span> <span class='ocrx_word' id='word_1_476' title='bbox 817 2515 850 2544; x_wconf 76' lang='grc' dir='ltr'>τῷ</span> <span class='ocrx_word' id='word_1_477' title='bbox 861 2512 964 2544; x_wconf 81' lang='grc' dir='ltr'>Κλεόπᾳ’</span> <span class='ocrx_word' id='word_1_478' title='bbox 977 2513 1105 2539; x_wconf 83' lang='grc' dir='ltr'>λαβόντων</span> 
     </span>
     <span class='ocr_line' id='line_1_68' title="bbox 404 2549 1105 2582; baseline 0.006 -10"><span class='ocrx_word' id='word_1_479' title='bbox 404 2549 424 2572; x_wconf 82' lang='grc' dir='ltr'>δ’</span> <span class='ocrx_word' id='word_1_480' title='bbox 435 2550 514 2573; x_wconf 78' lang='grc' dir='ltr'>αὐτῶν</span> <span class='ocrx_word' id='word_1_481' title='bbox 526 2550 569 2574; x_wconf 75' lang='grc' dir='ltr'>τὸν</span> <span class='ocrx_word' id='word_1_482' title='bbox 580 2550 662 2581; x_wconf 74' lang='grc' dir='ltr'>ἄρτον,</span> <span class='ocrx_word' id='word_1_483' title='bbox 671 2551 842 2582; x_wconf 81' lang='grc' dir='ltr'>διηνοίχθησαν</span> <span class='ocrx_word' id='word_1_484' title='bbox 852 2553 931 2576; x_wconf 77' lang='grc' dir='ltr'>αὐτῶν</span> <span class='ocrx_word' id='word_1_485' title='bbox 943 2554 965 2576; x_wconf 80' lang='grc' dir='ltr'>οἶ</span> <span class='ocrx_word' id='word_1_486' title='bbox 978 2552 1105 2582; x_wconf 73' lang='grc' dir='ltr'>ὀφθαλμοὶ,</span> 
     </span>
     <span class='ocr_line' id='line_1_69' title="bbox 404 2589 1104 2620; baseline 0.004 -9"><span class='ocrx_word' id='word_1_487' title='bbox 404 2589 443 2612; x_wconf 77' lang='grc' dir='ltr'>καὶ</span> <span class='ocrx_word' id='word_1_488' title='bbox 467 2589 606 2619; x_wconf 78' lang='grc' dir='ltr'>ἐπέγνωσαν</span> <span class='ocrx_word' id='word_1_489' title='bbox 629 2590 709 2614; x_wconf 85' lang='grc' dir='ltr'>αὐτόν.</span> <span class='ocrx_word' id='word_1_490' title='bbox 749 2592 828 2615; x_wconf 90' lang='lat' dir='ltr'>occuli</span> <span class='ocrx_word' id='word_1_491' title='bbox 854 2592 884 2620; x_wconf 72' lang='lat' dir='ltr'>R,</span> <span class='ocrx_word' id='word_1_492' title='bbox 908 2592 991 2615; x_wconf 83' lang='lat' dir='ltr'>boculi</span> <span class='ocrx_word' id='word_1_493' title='bbox 1017 2592 1053 2615; x_wconf 81' lang='lat' dir='ltr'>bis</span> <span class='ocrx_word' id='word_1_494' title='bbox 1076 2593 1104 2616; x_wconf 94' lang='lat' dir='ltr'>C.</span> 
     </span>
     <span class='ocr_line' id='line_1_70' title="bbox 405 2629 1104 2661; baseline 0.007 -10"><span class='ocrx_word' id='word_1_495' title='bbox 405 2632 555 2659; x_wconf 78' lang='lat' dir='ltr'>cognuerunt</span> <span class='ocrx_word' id='word_1_496' title='bbox 574 2629 596 2652; x_wconf 91' lang='lat' dir='ltr'>R</span> <span class='ocrx_word' id='word_1_497' title='bbox 613 2634 635 2653; x_wconf 81' lang='lat' dir='ltr'>et</span> <span class='ocrx_word' id='word_1_498' title='bbox 656 2638 680 2653; x_wconf 85' lang='lat' dir='ltr'>u.</span> <span class='ocrx_word' id='word_1_499' title='bbox 700 2637 738 2660; x_wconf 80' lang='lat'>35.</span> <span class='ocrx_word' id='word_1_500' title='bbox 773 2638 836 2655; x_wconf 86' lang='lat' dir='ltr'>eum</span> <span class='ocrx_word' id='word_1_501' title='bbox 857 2631 893 2654; x_wconf 74' lang='lat' dir='ltr'>bis</span> <span class='ocrx_word' id='word_1_502' title='bbox 913 2639 957 2655; x_wconf 84' lang='lat' dir='ltr'>scr.</span> <span class='ocrx_word' id='word_1_503' title='bbox 981 2631 1017 2661; x_wconf 87' lang='lat' dir='ltr'>R;</span> <span class='ocrx_word' id='word_1_504' title='bbox 1046 2638 1063 2656; x_wconf 80' lang='lat'>÷</span> <span class='ocrx_word' id='word_1_505' title='bbox 1081 2631 1104 2655; x_wconf 83' lang='lat' dir='ltr'>in</span> 
     </span>
    </p>
   </div>
   <div class='ocr_carea' id='block_1_14' title="bbox 1154 1532 1160 2662">
    <p class='ocr_par' dir='ltr' id='par_1_16' title="bbox 1154 1532 1160 2662">
     <span class='ocr_line' id='line_1_71' title="bbox 1154 1532 1160 2662; baseline 0 0"><span class='ocrx_word' id='word_1_506' title='bbox 1154 1532 1160 2662; x_wconf 95' lang='lat' dir='ltr'> </span> 
     </span>
    </p>
   </div>
   <div class='ocr_carea' id='block_1_15' title="bbox 1199 1536 1912 2654">
    <p class='ocr_par' dir='ltr' id='par_1_17' title="bbox 1209 1536 1912 1716">
     <span class='ocr_line' id='line_1_72' title="bbox 1210 1536 1912 1568; baseline 0.006 -9"><span class='ocrx_word' id='word_1_507' title='bbox 1210 1536 1328 1560; x_wconf 79' lang='lat' dir='ltr'>fractione</span> <span class='ocrx_word' id='word_1_508' title='bbox 1351 1537 1423 1568; x_wconf 86' lang='lat' dir='ltr'>panis</span> <span class='ocrx_word' id='word_1_509' title='bbox 1445 1538 1462 1561; x_wconf 91' lang='lat' dir='ltr'>l.</span> <span class='ocrx_word' id='word_1_510' title='bbox 1503 1540 1620 1561; x_wconf 78' lang='lat' dir='ltr'>euanuit</span> <span class='ocrx_word' id='word_1_511' title='bbox 1643 1546 1678 1562; x_wconf 86' lang='lat' dir='ltr'>ex</span> <span class='ocrx_word' id='word_1_512' title='bbox 1701 1540 1790 1563; x_wconf 81' lang='lat' dir='ltr'>oculis</span> <span class='ocrx_word' id='word_1_513' title='bbox 1814 1546 1912 1563; x_wconf 82' lang='lat' dir='ltr'>eorum</span> 
     </span>
     <span class='ocr_line' id='line_1_73' title="bbox 1212 1575 1909 1609; baseline 0.006 -11"><span class='ocrx_word' id='word_1_514' title='bbox 1212 1575 1328 1606; x_wconf 75' lang='grc' dir='ltr'>(ἄφαντος</span> <span class='ocrx_word' id='word_1_515' title='bbox 1344 1575 1443 1607; x_wconf 77' lang='grc' dir='ltr'>ἐγένετο</span> <span class='ocrx_word' id='word_1_516' title='bbox 1461 1576 1501 1600; x_wconf 82' lang='grc' dir='ltr'>ἀπ’</span> <span class='ocrx_word' id='word_1_517' title='bbox 1514 1577 1604 1607; x_wconf 79' lang='grc' dir='ltr'>αὐτῶν)</span> <span class='ocrx_word' id='word_1_518' title='bbox 1619 1586 1624 1600; x_wconf 78' lang='lat' dir='ltr'>t</span> <span class='ocrx_word' id='word_1_519' title='bbox 1641 1585 1761 1608; x_wconf 85' lang='lat' dir='ltr'>nusquam</span> <span class='ocrx_word' id='word_1_520' title='bbox 1780 1578 1839 1609; x_wconf 89' lang='lat' dir='ltr'>(non</span> <span class='ocrx_word' id='word_1_521' title='bbox 1854 1579 1873 1601; x_wconf 88' lang='lat' dir='ltr'>d</span> <span class='ocrx_word' id='word_1_522' title='bbox 1884 1579 1909 1607; x_wconf 84' lang='grc' dir='ltr'>ν)</span> 
     </span>
     <span class='ocr_line' id='line_1_74' title="bbox 1210 1616 1912 1648; baseline 0.004 -10"><span class='ocrx_word' id='word_1_523' title='bbox 1210 1616 1349 1646; x_wconf 85' lang='lat' dir='ltr'>comparuit</span> <span class='ocrx_word' id='word_1_524' title='bbox 1371 1616 1402 1639; x_wconf 91' lang='lat' dir='ltr'>ab</span> <span class='ocrx_word' id='word_1_525' title='bbox 1419 1616 1455 1640; x_wconf 86' lang='lat' dir='ltr'>eis</span> <span class='ocrx_word' id='word_1_526' title='bbox 1475 1616 1536 1646; x_wconf 87' lang='lat' dir='ltr'>(illis</span> <span class='ocrx_word' id='word_1_527' title='bbox 1553 1617 1578 1647; x_wconf 87' lang='lat' dir='ltr'>a)</span> <span class='ocrx_word' id='word_1_528' title='bbox 1598 1624 1613 1640; x_wconf 87' lang='lat' dir='ltr'><em>a</em></span> <span class='ocrx_word' id='word_1_529' title='bbox 1631 1625 1642 1640; x_wconf 87' lang='lat' dir='ltr'><em>c</em></span> <span class='ocrx_word' id='word_1_530' title='bbox 1658 1617 1677 1640; x_wconf 84' lang='lat' dir='ltr'>d</span> <span class='ocrx_word' id='word_1_531' title='bbox 1691 1617 1748 1648; x_wconf 75' lang='lat' dir='ltr'>effi</span> <span class='ocrx_word' id='word_1_532' title='bbox 1766 1625 1796 1645; x_wconf 67' lang='grc' dir='ltr'>νς</span> <span class='ocrx_word' id='word_1_533' title='bbox 1820 1618 1912 1641; x_wconf 86' lang='lat' dir='ltr'>inuisus</span> 
     </span>
     <span class='ocr_line' id='line_1_75' title="bbox 1210 1653 1911 1687; baseline 0.004 -10"><span class='ocrx_word' id='word_1_534' title='bbox 1210 1653 1289 1678; x_wconf 85' lang='lat' dir='ltr'>factus</span> <span class='ocrx_word' id='word_1_535' title='bbox 1300 1659 1336 1678; x_wconf 84' lang='lat' dir='ltr'>est</span> <span class='ocrx_word' id='word_1_536' title='bbox 1348 1655 1383 1678; x_wconf 86' lang='lat' dir='ltr'>eis</span> <span class='ocrx_word' id='word_1_537' title='bbox 1395 1655 1442 1686; x_wconf 83' lang='lat' dir='ltr'>bf</span> <span class='ocrx_word' id='word_1_538' title='bbox 1453 1655 1464 1678; x_wconf 93' lang='lat' dir='ltr'><em>l</em></span> <span class='ocrx_word' id='word_1_539' title='bbox 1477 1655 1564 1686; x_wconf 74' lang='lat' dir='ltr'>(illis);</span> <span class='ocrx_word' id='word_1_540' title='bbox 1581 1664 1631 1679; x_wconf 89' lang='lat' dir='ltr'>non</span> <span class='ocrx_word' id='word_1_541' title='bbox 1643 1664 1764 1687; x_wconf 84' lang='lat' dir='ltr'>apparens</span> <span class='ocrx_word' id='word_1_542' title='bbox 1781 1656 1859 1680; x_wconf 76' lang='lat' dir='ltr'>factus</span> <span class='ocrx_word' id='word_1_543' title='bbox 1875 1661 1911 1681; x_wconf 87' lang='lat' dir='ltr'>est</span> 
     </span>
     <span class='ocr_line' id='line_1_76' title="bbox 1209 1694 1319 1716; baseline 0 0"><span class='ocrx_word' id='word_1_544' title='bbox 1209 1694 1241 1716; x_wconf 87' lang='lat' dir='ltr'>ab</span> <span class='ocrx_word' id='word_1_545' title='bbox 1253 1694 1287 1716; x_wconf 84' lang='lat' dir='ltr'>eis</span> <span class='ocrx_word' id='word_1_546' title='bbox 1300 1695 1319 1716; x_wconf 91' lang='grc' dir='ltr'>δ.</span> 
     </span>
    </p>

    <p class='ocr_par' dir='ltr' id='par_1_18' title="bbox 1199 1732 1911 1993">
     <span class='ocr_line' id='line_1_77' title="bbox 1243 1732 1910 1765; baseline 0.004 -10"><span class='ocrx_word' id='word_1_547' title='bbox 1243 1739 1281 1761; x_wconf 79' lang='lat'>3²-</span> <span class='ocrx_word' id='word_1_548' title='bbox 1300 1735 1402 1756; x_wconf 79' lang='lat' dir='ltr'>ardens</span> <span class='ocrx_word' id='word_1_549' title='bbox 1420 1732 1555 1763; x_wconf 80' lang='grc' dir='ltr'>(καιομένη)</span> <span class='ocrx_word' id='word_1_550' title='bbox 1571 1742 1576 1757; x_wconf 92' lang='lat'>:</span> <span class='ocrx_word' id='word_1_551' title='bbox 1594 1737 1738 1765; x_wconf 87' lang='lat' dir='ltr'>coopertum</span> <span class='ocrx_word' id='word_1_552' title='bbox 1755 1735 1778 1762; x_wconf 84' lang='lat' dir='ltr'>d,</span> <span class='ocrx_word' id='word_1_553' title='bbox 1793 1738 1910 1765; x_wconf 84' lang='lat' dir='ltr'>optusum</span> 
     </span>
     <span class='ocr_line' id='line_1_78' title="bbox 1209 1772 1910 1803; baseline 0.004 -9"><span class='ocrx_word' id='word_1_554' title='bbox 1209 1772 1225 1797; x_wconf 87' lang='lat' dir='ltr'>l,</span> <span class='ocrx_word' id='word_1_555' title='bbox 1244 1776 1385 1795; x_wconf 81' lang='lat' dir='ltr'>excecatum</span> <span class='ocrx_word' id='word_1_556' title='bbox 1403 1780 1421 1799; x_wconf 88' lang='lat' dir='ltr'>c,</span> <span class='ocrx_word' id='word_1_557' title='bbox 1439 1773 1625 1796; x_wconf 86' lang='lat' dir='ltr'>exterminatum</span> <span class='ocrx_word' id='word_1_558' title='bbox 1643 1781 1668 1801; x_wconf 77' lang='grc' dir='ltr'>ι·;</span> <span class='ocrx_word' id='word_1_559' title='bbox 1692 1776 1860 1803; x_wconf 81' lang='grc' dir='ltr'>κεκαλυμμενη</span> <span class='ocrx_word' id='word_1_560' title='bbox 1878 1774 1910 1797; x_wconf 94' lang='lat' dir='ltr'>D.</span> 
     </span>
     <span class='ocr_line' id='line_1_79' title="bbox 1208 1811 1910 1843; baseline 0.007 -11"><span class='ocrx_word' id='word_1_561' title='bbox 1208 1811 1239 1833; x_wconf 84' lang='lat' dir='ltr'>in</span> <span class='ocrx_word' id='word_1_562' title='bbox 1257 1813 1354 1835; x_wconf 81' lang='lat' dir='ltr'>nobis:</span> <span class='ocrx_word' id='word_1_563' title='bbox 1379 1819 1426 1834; x_wconf 87' lang='lat' dir='ltr'>om.</span> <span class='ocrx_word' id='word_1_564' title='bbox 1440 1811 1575 1842; x_wconf 52' lang='grc' dir='ltr'>’ΠΗ-ΠΨ.</span> <span class='ocrx_word' id='word_1_565' title='bbox 1589 1812 1647 1841; x_wconf 82' lang='lat' dir='ltr'>lin.)</span> <span class='ocrx_word' id='word_1_566' title='bbox 1667 1820 1678 1835; x_wconf 85' lang='lat' dir='ltr'><em>c</em></span> <span class='ocrx_word' id='word_1_567' title='bbox 1694 1812 1714 1835; x_wconf 85' lang='lat' dir='ltr'>d</span> <span class='ocrx_word' id='word_1_568' title='bbox 1727 1820 1739 1835; x_wconf 84' lang='lat' dir='ltr'>e</span> <span class='ocrx_word' id='word_1_569' title='bbox 1756 1816 1778 1836; x_wconf 75' lang='lat' dir='ltr'>et</span> <span class='ocrx_word' id='word_1_570' title='bbox 1791 1821 1831 1843; x_wconf 73' lang='lat' dir='ltr'>gr.</span> <span class='ocrx_word' id='word_1_571' title='bbox 1848 1813 1910 1839; x_wconf 81' lang='lat' dir='ltr'>BD;</span> 
     </span>
     <span class='ocr_line' id='line_1_80' title="bbox 1215 1849 1911 1879; baseline 0.004 -6"><span class='ocrx_word' id='word_1_572' title='bbox 1215 1855 1232 1873; x_wconf 77' lang='lat'>÷</span> <span class='ocrx_word' id='word_1_573' title='bbox 1241 1849 1271 1873; x_wconf 89' lang='lat' dir='ltr'>de</span> <span class='ocrx_word' id='word_1_574' title='bbox 1282 1850 1332 1873; x_wconf 63' lang='lat' dir='ltr'>iesu</span> <span class='ocrx_word' id='word_1_575' title='bbox 1344 1851 1370 1873; x_wconf 89' lang='lat' dir='ltr'>E.</span> <span class='ocrx_word' id='word_1_576' title='bbox 1398 1854 1425 1877; x_wconf 96' lang='lat'>&gt;</span> <span class='ocrx_word' id='word_1_577' title='bbox 1435 1855 1485 1874; x_wconf 89' lang='lat' dir='ltr'>erat</span> <span class='ocrx_word' id='word_1_578' title='bbox 1498 1851 1549 1874; x_wconf 53' lang='lat' dir='ltr'>ard.</span> <span class='ocrx_word' id='word_1_579' title='bbox 1559 1851 1583 1874; x_wconf 85' lang='lat' dir='ltr'>in</span> <span class='ocrx_word' id='word_1_580' title='bbox 1596 1851 1668 1874; x_wconf 88' lang='lat' dir='ltr'>nobis</span> <span class='ocrx_word' id='word_1_581' title='bbox 1679 1851 1710 1879; x_wconf 84' lang='lat' dir='ltr'>G,</span> <span class='ocrx_word' id='word_1_582' title='bbox 1724 1855 1750 1878; x_wconf 95' lang='lat'>&gt;</span> <span class='ocrx_word' id='word_1_583' title='bbox 1761 1860 1793 1875; x_wconf 89' lang='lat' dir='ltr'>er.</span> <span class='ocrx_word' id='word_1_584' title='bbox 1805 1853 1829 1876; x_wconf 91' lang='lat' dir='ltr'>in</span> <span class='ocrx_word' id='word_1_585' title='bbox 1839 1853 1911 1876; x_wconf 81' lang='lat' dir='ltr'>nobis</span> 
     </span>
     <span class='ocr_line' id='line_1_81' title="bbox 1207 1888 1908 1923; baseline 0.006 -12"><span class='ocrx_word' id='word_1_586' title='bbox 1207 1888 1259 1912; x_wconf 84' lang='lat' dir='ltr'>ard.</span> <span class='ocrx_word' id='word_1_587' title='bbox 1275 1897 1290 1912; x_wconf 86' lang='lat' dir='ltr'>a</span> <span class='ocrx_word' id='word_1_588' title='bbox 1308 1889 1393 1921; x_wconf 73' lang='lat' dir='ltr'>bfffi</span> <span class='ocrx_word' id='word_1_589' title='bbox 1412 1898 1434 1913; x_wconf 87' lang='lat' dir='ltr'>r.</span> <span class='ocrx_word' id='word_1_590' title='bbox 1469 1892 1631 1918; x_wconf 76' lang='lat' dir='ltr'>loqueretur</span> <span class='ocrx_word' id='word_1_591' title='bbox 1647 1897 1664 1914; x_wconf 55' lang='grc'>4-</span> <span class='ocrx_word' id='word_1_592' title='bbox 1680 1891 1752 1914; x_wconf 86' lang='lat' dir='ltr'>uobis</span> <span class='ocrx_word' id='word_1_593' title='bbox 1769 1892 1788 1914; x_wconf 92' lang='lat' dir='ltr'>B</span> <span class='ocrx_word' id='word_1_594' title='bbox 1802 1892 1908 1923; x_wconf 72' lang='lat' dir='ltr'>(Bentl.)</span> 
     </span>
     <span class='ocr_line' id='line_1_82' title="bbox 1199 1927 1909 1961; baseline 0.006 -11"><span class='ocrx_word' id='word_1_595' title='bbox 1199 1927 1242 1958; x_wconf 78' lang='lat' dir='ltr'>s5</span> <span class='ocrx_word' id='word_1_596' title='bbox 1254 1931 1276 1951; x_wconf 77' lang='lat' dir='ltr'>et</span> <span class='ocrx_word' id='word_1_597' title='bbox 1283 1936 1339 1959; x_wconf 76' lang='lat' dir='ltr'>gr.;</span> <span class='ocrx_word' id='word_1_598' title='bbox 1357 1937 1402 1952; x_wconf 86' lang='lat' dir='ltr'>om.</span> <span class='ocrx_word' id='word_1_599' title='bbox 1415 1931 1483 1953; x_wconf 86' lang='lat' dir='ltr'>dum</span> <span class='ocrx_word' id='word_1_600' title='bbox 1494 1931 1600 1957; x_wconf 80' lang='lat' dir='ltr'>loquer.</span> <span class='ocrx_word' id='word_1_601' title='bbox 1612 1938 1628 1953; x_wconf 82' lang='lat' dir='ltr'>a</span> <span class='ocrx_word' id='word_1_602' title='bbox 1640 1930 1653 1952; x_wconf 84' lang='lat' dir='ltr'><em>b</em></span> <span class='ocrx_word' id='word_1_603' title='bbox 1665 1938 1677 1952; x_wconf 79' lang='lat' dir='ltr'><em>c</em></span> <span class='ocrx_word' id='word_1_604' title='bbox 1688 1930 1743 1961; x_wconf 58' lang='lat' dir='ltr'>eff}</span> <span class='ocrx_word' id='word_1_605' title='bbox 1755 1930 1767 1953; x_wconf 93' lang='lat' dir='ltr'><em>l</em></span> <span class='ocrx_word' id='word_1_606' title='bbox 1777 1939 1799 1954; x_wconf 81' lang='lat' dir='ltr'>r.</span> <span class='ocrx_word' id='word_1_607' title='bbox 1828 1933 1909 1954; x_wconf 80' lang='lat' dir='ltr'>nobis</span> 
     </span>
     <span class='ocr_line' id='line_1_83' title="bbox 1208 1968 1765 1993; baseline 0.005 -4"><span class='ocrx_word' id='word_1_608' title='bbox 1208 1975 1250 1990; x_wconf 74' lang='lat' dir='ltr'>sec.</span> <span class='ocrx_word' id='word_1_609' title='bbox 1263 1975 1266 1990; x_wconf 92' lang='lat'>:</span> <span class='ocrx_word' id='word_1_610' title='bbox 1286 1975 1332 1991; x_wconf 84' lang='lat' dir='ltr'>om.</span> <span class='ocrx_word' id='word_1_611' title='bbox 1347 1968 1376 1991; x_wconf 94' lang='lat' dir='ltr'>T.</span> <span class='ocrx_word' id='word_1_612' title='bbox 1413 1969 1545 1992; x_wconf 85' lang='lat' dir='ltr'>scribturas</span> <span class='ocrx_word' id='word_1_613' title='bbox 1558 1968 1765 1993; x_wconf 71' lang='lat' dir='ltr'>OEEFGO*X*Z.</span> 
     </span>
    </p>

    <p class='ocr_par' dir='ltr' id='par_1_19' title="bbox 1207 2008 1910 2273">
     <span class='ocr_line' id='line_1_84' title="bbox 1242 2008 1910 2038; baseline 0.004 -9"><span class='ocrx_word' id='word_1_614' title='bbox 1242 2013 1279 2036; x_wconf 80' lang='lat'>33.</span> <span class='ocrx_word' id='word_1_615' title='bbox 1297 2014 1398 2038; x_wconf 85' lang='lat' dir='ltr'>surgens</span> <span class='ocrx_word' id='word_1_616' title='bbox 1413 2008 1450 2035; x_wconf 87' lang='lat' dir='ltr'>F;</span> <span class='ocrx_word' id='word_1_617' title='bbox 1470 2014 1487 2031; x_wconf 71' lang='grc' dir='ltr'>«ι-</span> <span class='ocrx_word' id='word_1_618' title='bbox 1501 2008 1581 2032; x_wconf 87' lang='lat' dir='ltr'>tristes</span> <span class='ocrx_word' id='word_1_619' title='bbox 1598 2016 1609 2031; x_wconf 91' lang='lat' dir='ltr'>c</span> <span class='ocrx_word' id='word_1_620' title='bbox 1627 2016 1646 2035; x_wconf 79' lang='lat' dir='ltr'>e,</span> <span class='ocrx_word' id='word_1_621' title='bbox 1666 2015 1683 2032; x_wconf 84' lang='lat'>÷</span> <span class='ocrx_word' id='word_1_622' title='bbox 1698 2008 1835 2032; x_wconf 86' lang='lat' dir='ltr'>contristati</span> <span class='ocrx_word' id='word_1_623' title='bbox 1851 2009 1873 2037; x_wconf 82' lang='lat' dir='ltr'>d,</span> <span class='ocrx_word' id='word_1_624' title='bbox 1888 2012 1910 2032; x_wconf 80' lang='lat' dir='ltr'>et</span> 
     </span>
     <span class='ocr_line' id='line_1_85' title="bbox 1208 2046 1910 2075; baseline 0.003 -6"><span class='ocrx_word' id='word_1_625' title='bbox 1208 2046 1261 2069; x_wconf 64' lang='grc' dir='ltr'>ΒΨ.</span> <span class='ocrx_word' id='word_1_626' title='bbox 1297 2048 1411 2070; x_wconf 78' lang='lat' dir='ltr'>eadem:</span> <span class='ocrx_word' id='word_1_627' title='bbox 1430 2055 1485 2070; x_wconf 85' lang='lat' dir='ltr'>eam</span> <span class='ocrx_word' id='word_1_628' title='bbox 1499 2047 1527 2070; x_wconf 85' lang='lat' dir='ltr'>E.</span> <span class='ocrx_word' id='word_1_629' title='bbox 1562 2049 1699 2075; x_wconf 78' lang='lat' dir='ltr'>regressi:</span> <span class='ocrx_word' id='word_1_630' title='bbox 1722 2048 1810 2071; x_wconf 81' lang='lat' dir='ltr'>reuersi</span> <span class='ocrx_word' id='word_1_631' title='bbox 1828 2048 1849 2071; x_wconf 84' lang='lat' dir='ltr'><strong>R</strong></span> <span class='ocrx_word' id='word_1_632' title='bbox 1866 2056 1881 2071; x_wconf 90' lang='grc' dir='ltr'><em>α</em></span> <span class='ocrx_word' id='word_1_633' title='bbox 1898 2056 1910 2070; x_wconf 81' lang='lat' dir='ltr'><em>c</em></span> 
     </span>
     <span class='ocr_line' id='line_1_86' title="bbox 1207 2085 1909 2117; baseline 0.003 -9"><span class='ocrx_word' id='word_1_634' title='bbox 1207 2085 1226 2107; x_wconf 87' lang='lat' dir='ltr'>d</span> <span class='ocrx_word' id='word_1_635' title='bbox 1239 2093 1252 2108; x_wconf 79' lang='lat' dir='ltr'>e</span> <span class='ocrx_word' id='word_1_636' title='bbox 1269 2085 1288 2108; x_wconf 87' lang='grc' dir='ltr'>δ.</span> <span class='ocrx_word' id='word_1_637' title='bbox 1323 2093 1369 2109; x_wconf 85' lang='lat' dir='ltr'>om.</span> <span class='ocrx_word' id='word_1_638' title='bbox 1383 2087 1414 2109; x_wconf 89' lang='lat' dir='ltr'>in</span> <span class='ocrx_word' id='word_1_639' title='bbox 1427 2086 1478 2109; x_wconf 91' lang='lat' dir='ltr'>VZ.</span> <span class='ocrx_word' id='word_1_640' title='bbox 1514 2086 1602 2109; x_wconf 86' lang='lat' dir='ltr'>iherus.</span> <span class='ocrx_word' id='word_1_641' title='bbox 1616 2086 1646 2115; x_wconf 74' lang='lat' dir='ltr'>C,</span> <span class='ocrx_word' id='word_1_642' title='bbox 1659 2087 1729 2110; x_wconf 82' lang='lat' dir='ltr'>ierus.</span> <span class='ocrx_word' id='word_1_643' title='bbox 1744 2095 1781 2117; x_wconf 78' lang='lat' dir='ltr'>vg.</span> <span class='ocrx_word' id='word_1_644' title='bbox 1818 2087 1909 2111; x_wconf 80' lang='lat' dir='ltr'>inueni-</span> 
     </span>
     <span class='ocr_line' id='line_1_87' title="bbox 1207 2125 1909 2157; baseline 0.003 -10"><span class='ocrx_word' id='word_1_645' title='bbox 1207 2127 1276 2147; x_wconf 88' lang='lat' dir='ltr'>erunt</span> <span class='ocrx_word' id='word_1_646' title='bbox 1298 2125 1330 2148; x_wconf 93' lang='lat' dir='ltr'>D.</span> <span class='ocrx_word' id='word_1_647' title='bbox 1369 2128 1569 2152; x_wconf 76' lang='lat' dir='ltr'>congregatos:</span> <span class='ocrx_word' id='word_1_648' title='bbox 1597 2125 1716 2149; x_wconf 86' lang='lat' dir='ltr'>collectos</span> <span class='ocrx_word' id='word_1_649' title='bbox 1735 2135 1750 2149; x_wconf 86' lang='grc' dir='ltr'><em>α</em></span> <span class='ocrx_word' id='word_1_650' title='bbox 1771 2135 1782 2149; x_wconf 87' lang='lat' dir='ltr'>c</span> <span class='ocrx_word' id='word_1_651' title='bbox 1801 2134 1813 2149; x_wconf 79' lang='lat' dir='ltr'>e</span> <span class='ocrx_word' id='word_1_652' title='bbox 1832 2128 1867 2157; x_wconf 69' lang='grc'>(4-</span> <span class='ocrx_word' id='word_1_653' title='bbox 1884 2127 1909 2150; x_wconf 91' lang='lat' dir='ltr'>in</span> 
     </span>
     <span class='ocr_line' id='line_1_88' title="bbox 1208 2162 1910 2196; baseline 0.004 -11"><span class='ocrx_word' id='word_1_654' title='bbox 1208 2162 1303 2191; x_wconf 66' lang='lat' dir='ltr'>unum).</span> <span class='ocrx_word' id='word_1_655' title='bbox 1338 2163 1471 2187; x_wconf 87' lang='lat' dir='ltr'>hundecim</span> <span class='ocrx_word' id='word_1_656' title='bbox 1489 2164 1525 2192; x_wconf 89' lang='lat' dir='ltr'>C;</span> <span class='ocrx_word' id='word_1_657' title='bbox 1544 2170 1588 2187; x_wconf 77' lang='lat' dir='ltr'>-XI-</span> <span class='ocrx_word' id='word_1_658' title='bbox 1603 2164 1723 2193; x_wconf 85' lang='lat' dir='ltr'>DFRW;</span> <span class='ocrx_word' id='word_1_659' title='bbox 1747 2171 1764 2188; x_wconf 67' lang='grc'>4-</span> <span class='ocrx_word' id='word_1_660' title='bbox 1775 2165 1910 2196; x_wconf 86' lang='lat' dir='ltr'>discipulos</span> 
     </span>
     <span class='ocr_line' id='line_1_89' title="bbox 1208 2201 1909 2235; baseline 0.004 -11"><span class='ocrx_word' id='word_1_661' title='bbox 1208 2210 1226 2229; x_wconf 82' lang='lat' dir='ltr'>c,</span> <span class='ocrx_word' id='word_1_662' title='bbox 1240 2201 1302 2232; x_wconf 64' lang='lat' dir='ltr'>&lt;ff</span> <span class='ocrx_word' id='word_1_663' title='bbox 1338 2209 1385 2225; x_wconf 84' lang='lat' dir='ltr'>eos</span> <span class='ocrx_word' id='word_1_664' title='bbox 1397 2211 1402 2226; x_wconf 88' lang='lat'><strong>:</strong></span> <span class='ocrx_word' id='word_1_665' title='bbox 1420 2202 1466 2226; x_wconf 89' lang='lat' dir='ltr'>hos</span> <span class='ocrx_word' id='word_1_666' title='bbox 1475 2203 1501 2226; x_wconf 86' lang='lat' dir='ltr'>J.</span> <span class='ocrx_word' id='word_1_667' title='bbox 1536 2205 1607 2230; x_wconf 80' lang='lat' dir='ltr'>ipsis</span> <span class='ocrx_word' id='word_1_668' title='bbox 1618 2211 1622 2227; x_wconf 95' lang='lat'>:</span> <span class='ocrx_word' id='word_1_669' title='bbox 1642 2203 1711 2234; x_wconf 86' lang='lat' dir='ltr'>ipsos</span> <span class='ocrx_word' id='word_1_670' title='bbox 1723 2203 1836 2235; x_wconf 72' lang='lat' dir='ltr'>T*(c0rr.</span> <span class='ocrx_word' id='word_1_671' title='bbox 1849 2203 1892 2233; x_wconf 76' lang='lat' dir='ltr'>T1)</span> <span class='ocrx_word' id='word_1_672' title='bbox 1903 2212 1909 2231; x_wconf 85' lang='lat'><em>;</em></span> 
     </span>
     <span class='ocr_line' id='line_1_90' title="bbox 1208 2240 1716 2273; baseline 0.004 -10"><span class='ocrx_word' id='word_1_673' title='bbox 1208 2240 1258 2264; x_wconf 83' lang='lat' dir='ltr'>illis</span> <span class='ocrx_word' id='word_1_674' title='bbox 1269 2249 1307 2271; x_wconf 74' lang='lat' dir='ltr'>vg.</span> <span class='ocrx_word' id='word_1_675' title='bbox 1320 2242 1372 2264; x_wconf 78' lang='lat' dir='ltr'>cdd.</span> <span class='ocrx_word' id='word_1_676' title='bbox 1385 2245 1437 2264; x_wconf 84' lang='lat' dir='ltr'>ant.</span> <span class='ocrx_word' id='word_1_677' title='bbox 1452 2245 1511 2271; x_wconf 65' lang='lat' dir='ltr'>(exc.</span> <span class='ocrx_word' id='word_1_678' title='bbox 1524 2242 1619 2265; x_wconf 68' lang='lat' dir='ltr'>Froben</span> <span class='ocrx_word' id='word_1_679' title='bbox 1635 2243 1716 2273; x_wconf 78' lang='lat'>1502).</span> 
     </span>
    </p>

    <p class='ocr_par' dir='ltr' id='par_1_20' title="bbox 1207 2281 1910 2429">
     <span class='ocr_line' id='line_1_91' title="bbox 1241 2281 1908 2312; baseline 0.003 -9"><span class='ocrx_word' id='word_1_680' title='bbox 1241 2287 1279 2310; x_wconf 73' lang='lat'>34.</span> <span class='ocrx_word' id='word_1_681' title='bbox 1299 2282 1389 2308; x_wconf 86' lang='lat' dir='ltr'>quod:</span> <span class='ocrx_word' id='word_1_682' title='bbox 1410 2282 1527 2311; x_wconf 83' lang='lat' dir='ltr'>quoniam</span> <span class='ocrx_word' id='word_1_683' title='bbox 1541 2281 1594 2304; x_wconf 89' lang='lat' dir='ltr'>DE.</span> <span class='ocrx_word' id='word_1_684' title='bbox 1630 2282 1758 2305; x_wconf 85' lang='lat' dir='ltr'>resurrexit</span> <span class='ocrx_word' id='word_1_685' title='bbox 1772 2282 1795 2312; x_wconf 88' lang='lat' dir='ltr'><strong>Q</strong></span> <span class='ocrx_word' id='word_1_686' title='bbox 1808 2290 1822 2304; x_wconf 83' lang='lat' dir='ltr'><em>a</em></span> <span class='ocrx_word' id='word_1_687' title='bbox 1834 2290 1846 2304; x_wconf 85' lang='lat' dir='ltr'><em>c</em></span> <span class='ocrx_word' id='word_1_688' title='bbox 1857 2282 1876 2305; x_wconf 77' lang='lat' dir='ltr'>d</span> <span class='ocrx_word' id='word_1_689' title='bbox 1888 2290 1908 2306; x_wconf 79' lang='grc' dir='ltr'>ε.</span> 
     </span>
     <span class='ocr_line' id='line_1_92' title="bbox 1208 2319 1910 2352; baseline 0.004 -11"><span class='ocrx_word' id='word_1_690' title='bbox 1208 2327 1278 2342; x_wconf 86' lang='lat' dir='ltr'>uerae</span> <span class='ocrx_word' id='word_1_691' title='bbox 1290 2319 1320 2342; x_wconf 89' lang='lat' dir='ltr'>C.</span> <span class='ocrx_word' id='word_1_692' title='bbox 1360 2323 1386 2346; x_wconf 94' lang='lat'>&gt;</span> <span class='ocrx_word' id='word_1_693' title='bbox 1396 2327 1451 2343; x_wconf 89' lang='lat' dir='ltr'>uere</span> <span class='ocrx_word' id='word_1_694' title='bbox 1468 2328 1527 2343; x_wconf 85' lang='lat' dir='ltr'>surr.</span> <span class='ocrx_word' id='word_1_695' title='bbox 1540 2320 1655 2344; x_wconf 88' lang='lat' dir='ltr'>dominus</span> <span class='ocrx_word' id='word_1_696' title='bbox 1668 2321 1712 2343; x_wconf 80' lang='lat' dir='ltr'>ER</span> <span class='ocrx_word' id='word_1_697' title='bbox 1721 2321 1753 2352; x_wconf 76' lang='lat' dir='ltr'>ff²</span> <span class='ocrx_word' id='word_1_698' title='bbox 1767 2326 1792 2351; x_wconf 55' lang='lat' dir='ltr'>(a</span> <span class='ocrx_word' id='word_1_699' title='bbox 1806 2322 1910 2344; x_wconf 87' lang='lat' dir='ltr'>mortuis</span> 
     </span>
     <span class='ocr_line' id='line_1_93' title="bbox 1207 2357 1909 2390; baseline 0.004 -10"><span class='ocrx_word' id='word_1_700' title='bbox 1207 2357 1287 2386; x_wconf 80' lang='lat' dir='ltr'>dom.)</span> <span class='ocrx_word' id='word_1_701' title='bbox 1308 2367 1329 2386; x_wconf 77' lang='lat' dir='ltr'>r,</span> <span class='ocrx_word' id='word_1_702' title='bbox 1343 2366 1366 2382; x_wconf 94' lang='lat' dir='ltr'>u.</span> <span class='ocrx_word' id='word_1_703' title='bbox 1379 2366 1464 2382; x_wconf 88' lang='lat' dir='ltr'>resurr.</span> <span class='ocrx_word' id='word_1_704' title='bbox 1477 2359 1544 2382; x_wconf 88' lang='lat' dir='ltr'>dom.</span> <span class='ocrx_word' id='word_1_705' title='bbox 1557 2367 1572 2382; x_wconf 87' lang='lat' dir='ltr'>a</span> <span class='ocrx_word' id='word_1_706' title='bbox 1589 2367 1601 2382; x_wconf 87' lang='lat' dir='ltr'>c</span> <span class='ocrx_word' id='word_1_707' title='bbox 1618 2360 1640 2383; x_wconf 84' lang='lat' dir='ltr'>d.</span> <span class='ocrx_word' id='word_1_708' title='bbox 1676 2360 1772 2390; x_wconf 74' lang='lat' dir='ltr'>aparuit</span> <span class='ocrx_word' id='word_1_709' title='bbox 1786 2360 1808 2383; x_wconf 91' lang='lat' dir='ltr'>G</span> <span class='ocrx_word' id='word_1_710' title='bbox 1820 2368 1825 2387; x_wconf 84' lang='lat'>;</span> <span class='ocrx_word' id='word_1_711' title='bbox 1843 2361 1909 2383; x_wconf 87' lang='lat' dir='ltr'>uisus</span> 
     </span>
     <span class='ocr_line' id='line_1_94' title="bbox 1207 2397 1889 2429; baseline 0.004 -10"><span class='ocrx_word' id='word_1_712' title='bbox 1207 2400 1269 2420; x_wconf 83' lang='lat' dir='ltr'>esta</span> <span class='ocrx_word' id='word_1_713' title='bbox 1282 2397 1294 2419; x_wconf 86' lang='lat' dir='ltr'><em>b</em></span> <span class='ocrx_word' id='word_1_714' title='bbox 1307 2405 1317 2420; x_wconf 77' lang='grc' dir='ltr'>ι·</span> <span class='ocrx_word' id='word_1_715' title='bbox 1329 2397 1346 2420; x_wconf 80' lang='lat' dir='ltr'>cl</span> <span class='ocrx_word' id='word_1_716' title='bbox 1356 2397 1407 2429; x_wconf 74' lang='lat' dir='ltr'>effi</span> <span class='ocrx_word' id='word_1_717' title='bbox 1419 2398 1431 2420; x_wconf 93' lang='lat' dir='ltr'><em>l</em></span> <span class='ocrx_word' id='word_1_718' title='bbox 1441 2406 1463 2426; x_wconf 79' lang='lat' dir='ltr'>r,</span> <span class='ocrx_word' id='word_1_719' title='bbox 1476 2401 1499 2421; x_wconf 81' lang='lat' dir='ltr'>ct</span> <span class='ocrx_word' id='word_1_720' title='bbox 1509 2397 1577 2428; x_wconf 80' lang='grc' dir='ltr'>ὤφθη</span> <span class='ocrx_word' id='word_1_721' title='bbox 1585 2405 1628 2429; x_wconf 74' lang='lat' dir='ltr'>gr.</span> <span class='ocrx_word' id='word_1_722' title='bbox 1662 2399 1757 2429; x_wconf 87' lang='lat' dir='ltr'>symoni</span> <span class='ocrx_word' id='word_1_723' title='bbox 1770 2399 1889 2422; x_wconf 84' lang='lat' dir='ltr'>CDHW.</span> 
     </span>
    </p>

    <p class='ocr_par' dir='ltr' id='par_1_21' title="bbox 1207 2437 1908 2654">
     <span class='ocr_line' id='line_1_95' title="bbox 1242 2437 1908 2468; baseline 0.005 -10"><span class='ocrx_word' id='word_1_724' title='bbox 1242 2443 1279 2465; x_wconf 74' lang='lat'>35.</span> <span class='ocrx_word' id='word_1_725' title='bbox 1298 2441 1456 2460; x_wconf 85' lang='lat' dir='ltr'>narrauerunt</span> <span class='ocrx_word' id='word_1_726' title='bbox 1472 2437 1510 2460; x_wconf 67' lang='grc' dir='ltr'>Εὖ</span> <span class='ocrx_word' id='word_1_727' title='bbox 1526 2446 1546 2466; x_wconf 91' lang='lat' dir='ltr'>r,</span> <span class='ocrx_word' id='word_1_728' title='bbox 1560 2445 1631 2461; x_wconf 82' lang='lat' dir='ltr'>narra</span> <span class='ocrx_word' id='word_1_729' title='bbox 1644 2438 1681 2465; x_wconf 90' lang='lat' dir='ltr'>R;</span> <span class='ocrx_word' id='word_1_730' title='bbox 1699 2438 1854 2468; x_wconf 82' lang='lat' dir='ltr'>exponebant</span> <span class='ocrx_word' id='word_1_731' title='bbox 1866 2445 1877 2460; x_wconf 78' lang='lat' dir='ltr'><em>c</em></span> <span class='ocrx_word' id='word_1_732' title='bbox 1889 2446 1908 2461; x_wconf 88' lang='lat' dir='ltr'>e.</span> 
     </span>
     <span class='ocr_line' id='line_1_96' title="bbox 1207 2475 1908 2507; baseline 0.004 -10"><span class='ocrx_word' id='word_1_733' title='bbox 1207 2482 1278 2502; x_wconf 76' lang='lat' dir='ltr'>quae</span> <span class='ocrx_word' id='word_1_734' title='bbox 1296 2478 1375 2502; x_wconf 75' lang='lat' dir='ltr'>gesta</span> <span class='ocrx_word' id='word_1_735' title='bbox 1391 2483 1430 2499; x_wconf 87' lang='lat' dir='ltr'>er.</span> <span class='ocrx_word' id='word_1_736' title='bbox 1448 2477 1480 2499; x_wconf 86' lang='lat' dir='ltr'>in</span> <span class='ocrx_word' id='word_1_737' title='bbox 1498 2477 1545 2499; x_wconf 78' lang='lat' dir='ltr'>uia</span> <span class='ocrx_word' id='word_1_738' title='bbox 1565 2475 1606 2506; x_wconf 78' lang='grc' dir='ltr'>(τὰ</span> <span class='ocrx_word' id='word_1_739' title='bbox 1625 2476 1650 2499; x_wconf 82' lang='grc' dir='ltr'>ἐν</span> <span class='ocrx_word' id='word_1_740' title='bbox 1669 2476 1698 2506; x_wconf 82' lang='grc' dir='ltr'>τῇ</span> <span class='ocrx_word' id='word_1_741' title='bbox 1716 2477 1790 2507; x_wconf 77' lang='grc' dir='ltr'>ὐδῷ);</span> <span class='ocrx_word' id='word_1_742' title='bbox 1809 2484 1831 2507; x_wconf 93' lang='lat' dir='ltr'>q.</span> <span class='ocrx_word' id='word_1_743' title='bbox 1845 2477 1869 2500; x_wconf 92' lang='lat' dir='ltr'>in</span> <span class='ocrx_word' id='word_1_744' title='bbox 1884 2485 1908 2501; x_wconf 91' lang='lat' dir='ltr'>u.</span> 
     </span>
     <span class='ocr_line' id='line_1_97' title="bbox 1207 2515 1906 2546; baseline 0.004 -10"><span class='ocrx_word' id='word_1_745' title='bbox 1207 2516 1262 2536; x_wconf 86' lang='lat' dir='ltr'>acta</span> <span class='ocrx_word' id='word_1_746' title='bbox 1280 2518 1335 2537; x_wconf 91' lang='lat' dir='ltr'>sunt</span> <span class='ocrx_word' id='word_1_747' title='bbox 1352 2522 1363 2536; x_wconf 90' lang='grc' dir='ltr'>ι·</span> <span class='ocrx_word' id='word_1_748' title='bbox 1380 2522 1406 2542; x_wconf 70' lang='grc' dir='ltr'>ες</span> <span class='ocrx_word' id='word_1_749' title='bbox 1427 2523 1490 2546; x_wconf 88' lang='lat' dir='ltr'>quae</span> <span class='ocrx_word' id='word_1_750' title='bbox 1509 2515 1533 2538; x_wconf 87' lang='lat' dir='ltr'>in</span> <span class='ocrx_word' id='word_1_751' title='bbox 1551 2516 1591 2538; x_wconf 91' lang='lat' dir='ltr'>uia</span> <span class='ocrx_word' id='word_1_752' title='bbox 1609 2515 1627 2538; x_wconf 80' lang='lat' dir='ltr'><em>d</em></span> <span class='ocrx_word' id='word_1_753' title='bbox 1643 2516 1662 2538; x_wconf 83' lang='grc' dir='ltr'>δ.</span> <span class='ocrx_word' id='word_1_754' title='bbox 1697 2523 1813 2543; x_wconf 81' lang='lat' dir='ltr'>cognou.</span> <span class='ocrx_word' id='word_1_755' title='bbox 1827 2523 1906 2539; x_wconf 86' lang='lat' dir='ltr'>eum:</span> 
     </span>
     <span class='ocr_line' id='line_1_98' title="bbox 1207 2553 1907 2585; baseline 0.003 -10"><span class='ocrx_word' id='word_1_756' title='bbox 1207 2553 1304 2583; x_wconf 85' lang='lat' dir='ltr'>agnitus</span> <span class='ocrx_word' id='word_1_757' title='bbox 1318 2556 1353 2576; x_wconf 82' lang='lat' dir='ltr'>est</span> <span class='ocrx_word' id='word_1_758' title='bbox 1371 2553 1422 2577; x_wconf 88' lang='lat' dir='ltr'>illis</span> <span class='ocrx_word' id='word_1_759' title='bbox 1436 2561 1452 2576; x_wconf 88' lang='grc' dir='ltr'><em>α</em></span> <span class='ocrx_word' id='word_1_760' title='bbox 1468 2562 1486 2582; x_wconf 82' lang='grc' dir='ltr'>ε,</span> <span class='ocrx_word' id='word_1_761' title='bbox 1501 2554 1567 2577; x_wconf 88' lang='lat' dir='ltr'>uisus</span> <span class='ocrx_word' id='word_1_762' title='bbox 1584 2558 1619 2577; x_wconf 84' lang='lat' dir='ltr'>est</span> <span class='ocrx_word' id='word_1_763' title='bbox 1637 2554 1687 2578; x_wconf 89' lang='lat' dir='ltr'>illis</span> <span class='ocrx_word' id='word_1_764' title='bbox 1703 2562 1723 2583; x_wconf 71' lang='lat' dir='ltr'>c,</span> <span class='ocrx_word' id='word_1_765' title='bbox 1735 2558 1855 2585; x_wconf 87' lang='lat' dir='ltr'>cognotus</span> <span class='ocrx_word' id='word_1_766' title='bbox 1872 2558 1907 2577; x_wconf 85' lang='lat' dir='ltr'>est</span> 
     </span>
     <span class='ocr_line' id='line_1_99' title="bbox 1207 2591 1908 2623; baseline 0.001 -8"><span class='ocrx_word' id='word_1_767' title='bbox 1207 2592 1241 2615; x_wconf 87' lang='lat' dir='ltr'>eis</span> <span class='ocrx_word' id='word_1_768' title='bbox 1255 2592 1277 2620; x_wconf 83' lang='lat' dir='ltr'>d,</span> <span class='ocrx_word' id='word_1_769' title='bbox 1291 2595 1314 2616; x_wconf 82' lang='lat' dir='ltr'>et</span> <span class='ocrx_word' id='word_1_770' title='bbox 1331 2591 1440 2622; x_wconf 78' lang='grc' dir='ltr'>ἐγνώσθη</span> <span class='ocrx_word' id='word_1_771' title='bbox 1459 2593 1540 2616; x_wconf 80' lang='grc' dir='ltr'>αὐτοῖς</span> <span class='ocrx_word' id='word_1_772' title='bbox 1553 2601 1594 2623; x_wconf 79' lang='lat' dir='ltr'>gr.</span> <span class='ocrx_word' id='word_1_773' title='bbox 1628 2593 1733 2617; x_wconf 82' lang='lat' dir='ltr'>fratione</span> <span class='ocrx_word' id='word_1_774' title='bbox 1747 2593 1784 2622; x_wconf 83' lang='lat' dir='ltr'>R;</span> <span class='ocrx_word' id='word_1_775' title='bbox 1803 2593 1908 2617; x_wconf 84' lang='lat' dir='ltr'>fractura</span> 
     </span>
     <span class='ocr_line' id='line_1_100' title="bbox 1207 2638 1248 2654; baseline 0 0"><span class='ocrx_word' id='word_1_776' title='bbox 1207 2639 1218 2654; x_wconf 77' lang='lat' dir='ltr'>c</span> <span class='ocrx_word' id='word_1_777' title='bbox 1229 2638 1248 2654; x_wconf 80' lang='lat' dir='ltr'>e.</span> 
     </span>
    </p>
   </div>
  </div>
 </body>
</html>
