2209 3147
396 330 500 362 DSPGQ
511 339 568 354 aur.

263 377 363 406 XIIII.
395 377 497 405 Filiam
524 376 661 414 principis
689 385 733 404 re-

274 425 421 453 suscitauit
441 424 485 452 ihs
503 429 530 452 et
549 423 700 451 mulierem
715 432 732 450 a

274 471 399 508 profluio
415 470 564 508 sanguinis
579 470 679 499 saluat.

235 564 330 592 XXV.
352 564 530 593 Potestatem
550 564 598 592 dat
616 564 661 592 ihs
677 564 733 592 dis-

275 611 379 648 cipulis
394 611 531 639 demonia
546 610 689 648 expellere
707 615 735 638 et

273 658 428 695 languores
443 667 556 686 sanare.

233 844 344 873 XXVI.
368 844 413 872 De
437 854 475 873 -U-
498 844 622 882 panibus
643 850 671 873 et
694 854 732 873 -11-

272 892 399 928 piscibus
415 891 444 919 in
461 894 497 919 -u-
513 892 651 920 uirorum.

232 1031 359 1061 XXVII.
383 1031 442 1067 Qui
463 1032 523 1060 uult
542 1037 608 1069 post
623 1041 670 1061 me
685 1041 732 1060 ue-

272 1079 334 1106 nire
350 1078 387 1107 nl.

232 1125 376 1153 XXVIII.
413 1125 574 1162 Interrogat
603 1125 646 1154 ihs
674 1125 731 1154 dis-

273 1172 385 1209 cipulos
407 1181 495 1209 quem
517 1181 580 1201 esse
602 1173 730 1202 dicerent

272 1224 300 1247 et
315 1219 390 1248 dicit.

233 1502 392 1531 XXVIIII.
404 1503 439 1531 In
450 1509 548 1532 monte
559 1503 731 1541 loquebatur

275 1559 341 1578 cum
358 1550 406 1578 ihu
422 1554 492 1587 moy
507 1556 535 1579 et
549 1550 648 1579 helias.

809 246 1070 277 SECUNDUM
1088 247 1259 277 LUCAM.

948 331 966 354 J
981 331 1120 361 (capitula).

786 375 915 404 XXIIII.
945 375 1005 403 Ubi
1034 376 1122 404 filiam
1147 376 1285 413 principis

826 432 994 459 synagogae
1037 423 1218 451 resuscitauit
1257 429 1285 452 et

827 469 976 498 mulierem
1005 479 1022 497 a
1050 470 1193 506 profluuio
1220 479 1284 498 san-

827 517 922 553 guinis
938 516 1059 544 sanauit.

787 563 882 591 XXV.
901 563 960 591 Ubi
972 563 1126 592 duodecim
1137 563 1285 601 apostolos

826 610 910 638 misit.

787 703 898 732 XXVI.
919 703 964 732 De
979 703 1087 732 herode
1103 704 1243 733 tetrarcha
1259 710 1286 732 et

828 751 955 788 quinque
975 752 1098 788 panibus
1121 757 1149 780 et
1171 752 1286 780 duobus

827 798 965 834 piscibus.

786 1038 913 1067 XXVII.
945 1038 1003 1066 Ubi
1035 1038 1193 1076 interrogat
1228 1037 1285 1066 dis-

826 1085 937 1123 cipulos
980 1094 1048 1114 suos
1087 1094 1176 1123 quem
1218 1094 1285 1113 eum

826 1132 959 1161 homines
983 1133 1081 1161 dicant
1107 1138 1134 1161 et
1159 1132 1196 1160 de
1221 1141 1285 1170 pas-

826 1180 907 1208 sione
924 1180 964 1208 eis
980 1179 1128 1217 praedicit.

786 1501 929 1529 XXVIII.
943 1501 1003 1530 Ubi
1013 1501 1236 1538 transfiguratus
1245 1507 1287 1531 est

826 1549 856 1576 in
867 1554 967 1577 monte
980 1554 1008 1577 et
1019 1549 1110 1577 helias
1126 1554 1154 1577 et
1170 1558 1286 1586 moyses

827 1601 1023 1633 apparuerunt
1039 1605 1106 1624 cum
1123 1606 1167 1624 eo.

1771 249 1833 298 ²⁸5

1394 330 1418 353 K
1427 331 1504 354 Harl.
1520 336 1583 361 2790
1596 332 1676 356 Nam.
1689 333 1778 356 Bamb.

1337 375 1451 403 XXIII.
1475 376 1519 404 De
1541 377 1596 405 filia
1616 378 1754 415 principis
1772 387 1833 406 sus-

1378 422 1464 450 citata
1502 428 1530 451 et
1568 432 1722 452 emoruosa
1760 434 1833 461 quae

1378 469 1489 497 fluxum
1505 470 1655 506 sanguinis
1667 471 1835 508 patiebatur.

1340 708 1469 736 XXIIII.
1491 707 1549 736 Ubi
1563 708 1686 737 herodes
1698 711 1838 746 comperit

1380 755 1488 783 famam
1514 756 1563 783 ihu
1589 765 1715 793 eumque
1740 757 1838 785 uidere

1380 803 1491 839 quaerit
1529 802 1575 831 uel
1615 802 1652 831 de
1692 803 1837 831 saturitate

1380 849 1488 886 populi.

1339 942 1435 970 XXV.
1455 942 1515 971 Ubi
1530 942 1685 972 duodecim
1697 943 1734 971 ad
1746 943 1838 980 predi-

1380 989 1509 1018 candum
1524 989 1621 1018 mittit.

1339 1037 1450 1065 XXVI.
1488 1037 1546 1065 Ubi
1576 1046 1645 1066 suos
1678 1037 1838 1074 interrogat

1380 1084 1434 1112 dfis
1452 1093 1539 1121 quem
1555 1093 1623 1112 eum
1643 1084 1743 1122 populi
1762 1084 1837 1113 dice-

1379 1136 1450 1160 rent.

1340 1502 1466 1531 XXVII.
1503 1502 1562 1530 Ubi
1591 1502 1646 1530 dfis
1675 1502 1704 1530 in
1737 1507 1838 1531 monte

1380 1550 1598 1587 transfiguratus
1618 1554 1661 1577 est
1683 1555 1710 1577 et
1730 1559 1747 1577 a
1769 1550 1837 1578 dae-

1379 1606 1466 1625 mone
1495 1596 1647 1625 cuiusdam
1679 1597 1769 1624 filium
1805 1597 1838 1624 li-

1378 1645 1469 1672 berat.

266 1708 379 1731 XXIIII.
409 1708 534 1732 resuscitat
580 1708 658 1738 EPGQ
674 1716 730 1731 aur.

232 1742 292 1764 ins:
311 1741 356 1764 dfis
370 1740 456 1764 Gaur.
492 1741 522 1764 de
535 1741 604 1772 profi.
615 1741 650 1763 ΞΡ.
685 1748 730 1764 om.

233 1775 378 1801 sanguinis
391 1773 422 1797 G.
458 1773 563 1797 saluauit
575 1782 632 1796 aur.

266 1807 347 1829 XXV.
375 1806 442 1829 dedit
466 1806 489 1829 G
506 1815 562 1829 aur.
597 1808 659 1830 ihs:
686 1806 732 1829 dfis

233 1839 311 1869 SPGQ
319 1847 375 1862 aur.
406 1841 485 1862 dise:
504 1847 549 1862 om.
560 1839 595 1868 G;
615 1846 631 1862 ψ
641 1839 691 1862 suis
701 1840 731 1869 Q.

233 1879 330 1895 sanare
339 1879 354 1895 ÷
364 1875 388 1894 et
401 1875 481 1895 cetera
493 1880 550 1895 aur.

266 1904 362 1927 XXVI.
381 1906 505 1931 piscibus
514 1912 530 1928 ψ
539 1905 611 1928 satiat
622 1905 652 1928 G.
684 1912 730 1929 om.

233 1938 263 1960 in
276 1937 308 1960 G.

266 1969 368 1992 XXVII
391 1973 413 1992 et
436 1970 553 1993 XXVIII
578 1970 619 1993 llos
645 1970 731 1993 ordine

233 2001 379 2025 scribuntur
390 2002 417 2025 in
435 2003 467 2031 D,
485 2003 584 2026 inuersa
600 2003 686 2026 ordine
702 2003 730 2025 in

233 2035 311 2064 {PGQ
323 2042 397 2062 aung
418 2035 475 2058 item
492 2036 577 2058 omnia
596 2043 672 2066 usque
690 2043 730 2058 se-

233 2068 374 2095 quebatus
386 2069 445 2091 ihm
462 2067 489 2090 in
502 2076 552 2091 mm
563 2071 613 2099 cap.
628 2068 730 2091 XXVII

232 2099 413 2130 comprehendit
440 2100 478 2130 Ως
506 2108 598 2124 aureus
624 2100 731 2123 includit

234 2132 344 2161 XXVII,
356 2132 480 2160 XXVIII,
492 2133 621 2156 XXVIIII
638 2133 666 2156 in
681 2141 731 2156 uno

232 2165 309 2195 capite
325 2165 421 2194 XXVI,
434 2168 457 2188 et
467 2169 517 2197 cap.
530 2166 605 2189 XXX
618 2169 730 2189 nostrum

233 2198 262 2220 in
278 2201 353 2228 [aput
368 2198 469 2221 XXVII
479 2198 562 2228 facit:
581 2198 628 2222 z'nc.
642 2198 731 2222 XXVI

232 2232 283 2253 ubi
306 2232 351 2253 i‘fis
369 2231 474 2256 interr..
497 2231 599 2254 XXVII
619 2233 731 2254 descen-

234 2265 303 2286 dens
318 2263 358 2291 G;
377 2263 425 2286 inc.
444 2263 561 2286 XXVIII
579 2265 609 2286 in
627 2266 730 2292 monte,

234 2295 364 2319 XXVIIII
387 2297 567 2325 descendens,
593 2296 666 2319 XXX
696 2298 731 2320 de

233 2330 355 2356 quodam
373 2328 407 2351 ΞΟ.

266 2361 376 2384 XXVII.
395 2368 440 2384 om.
454 2363 517 2388 post
534 2369 578 2384 me
594 2363 691 2385 uenire
704 2362 732 2384 ΞΡ

235 2394 284 2424 GQ
291 2401 348 2416 aur.
361 2396 446 2424 etpost
456 2395 520 2417 uult
528 2400 544 2417 ÷
553 2393 625 2416 tollat
638 2402 732 2417 crucem

234 2434 303 2450 suam
315 2428 372 2455 (om.
382 2427 451 2451 aur.)
464 2430 487 2449 et
499 2429 613 2456 sequatur
625 2434 663 2450 me
676 2428 732 2456 (om.

234 2463 257 2482 et
269 2467 286 2482 s.
302 2467 341 2482 me
354 2459 388 2487 G)
402 2458 481 2489 ffGQ
494 2467 550 2482 aur.

268 2491 391 2515 XXVIII.
411 2495 438 2518 >
449 2491 486 2514 ilis
501 2492 581 2515 interr.
595 2491 626 2515 G.
662 2491 733 2515 inter-

234 2525 331 2555 rogauit
344 2532 401 2548 aur.
436 2532 510 2547 esse:
529 2532 584 2547 eum
593 2524 660 2555 OEPQ;
678 2532 733 2548 enm

234 2564 285 2580 esse
298 2556 322 2580 G
333 2564 390 2580 aur.
425 2557 486 2580 dixit
498 2565 554 2580 aur.

268 2589 406 2612 XXVIIII.
424 2590 459 2612 ad
474 2590 532 2613 init.
549 2596 566 2613 -ε-
582 2592 605 2613 et
625 2593 660 2619 (ή-
676 2591 734 2613 tunc

235 2622 304 2651 aur.)
322 2622 457 2645 inmutatus
476 2623 499 2646 G
515 2630 570 2645 aur.
607 2630 651 2646 om.
671 2629 733 2645 cum

237 2655 287 2684 ihu
299 2654 377 2685 EPGQ
387 2663 444 2678 aur.

1370 1712 1469 1735 XXIII.
1498 1719 1643 1735 emoruosae
1671 1712 1749 1735 Harl.
1791 1719 1838 1735 om.

1338 1752 1408 1772 quae
1422 1763 1427 1768 .
1441 1763 1446 1768 .
1461 1763 1465 1767 .
1481 1746 1642 1772 patiebatur
1660 1744 1736 1768 Harl.
1771 1743 1838 1767 fluxu

1337 1778 1444 1833 *Vtggiv
1456 1812 1514 1833 ante
1527 1809 1633 1833 XXIIII
1647 1812 1748 1840 ponunt
1760 1810 1837 1833 Harl.

1337 1843 1418 1866 Nanc.
1432 1842 1520 1866 Bamb.
1555 1842 1621 1865 fama
1633 1843 1710 1866 Harl.

1370 1875 1479 1899 XXVII.
1509 1883 1555 1899 om.
1583 1877 1626 1898 ost
1655 1875 1731 1898 Harl.
1756 1875 1837 1898 Nanc.

1337 1908 1425 1932 Bamb.
1460 1908 1592 1931 daemonio
1605 1906 1697 1931 Harl.*
1706 1907 1748 1931 sed
1757 1915 1818 1930 carr.
