2258 3157
667 350 772 374 AUVY.

415 490 542 519 XXXV.
565 490 694 519 Omnem
714 489 885 527 languorem
905 499 1018 523 curans,

457 539 607 576 operarios
629 547 682 575 pro
704 537 796 565 multa
818 546 913 565 messe
934 537 1017 565 disci-

457 586 542 624 pulos
564 585 718 613 uirtutibus
741 591 769 613 et
791 585 924 613 doctrina
948 594 1017 613 con-

458 633 561 661 firmat.

416 773 557 802 XXXVI.
582 773 659 801 Sicut
673 782 743 801 oues
754 773 827 801 inter
843 773 925 811 lupos
938 774 1017 802 missi

457 827 488 850 ut
519 830 580 849 non
603 821 722 848 timeant
753 830 804 849 eos
834 821 883 859 qui
913 830 1017 858 corpus

459 868 604 902 occidunt,
621 868 778 896 clementer
793 868 937 897 informat.

417 915 575 944 XXXVII.
598 915 735 943 Gladium
765 924 795 944 se
826 925 885 944 non
914 925 1017 953 pacem

458 964 487 991 in
503 967 607 991 terram
619 963 732 990 mittere
742 963 842 991 dicens
857 972 911 991 nec
928 964 1016 991 amari

459 1015 571 1048 patrem
586 1014 634 1037 aut
649 1015 772 1038 matrem
788 1019 874 1047 super
890 1020 919 1038 se
935 1020 1018 1047 prae-

458 1058 570 1094 cipiens
595 1062 776 1094 receptorem
805 1066 923 1094 quoque
954 1058 1020 1085 iusti

458 1104 622 1133 mercedem
655 1105 720 1132 iusti
756 1105 890 1142 accipere
926 1105 1019 1133 mani-

459 1151 551 1180 festat.

419 1198 592 1226 XXXVIII.
615 1198 762 1226 Iohannes
777 1198 853 1226 misit
865 1198 901 1227 ad
916 1199 1021 1233 iesum;

459 1246 508 1283 qui
534 1246 658 1273 dimissis
682 1245 789 1273 nuntiis
813 1246 904 1274 multa
926 1247 962 1275 de
985 1256 1020 1274 eo

459 1293 550 1321 turbis
566 1293 703 1321 enuntiat.

419 1387 561 1416 XXXIX.
605 1387 741 1424 Increpat
778 1387 909 1416 ciuitates
945 1397 1020 1425 quae

459 1435 667 1472 paenitentiam
683 1435 770 1462 etiam
792 1434 875 1463 factis
898 1435 975 1472 apud
992 1445 1020 1463 se

459 1482 615 1510 uirtutibus
629 1491 690 1510 non
706 1487 835 1518 egerunt.

419 1576 483 1604 XL.
506 1575 661 1604 Confessio
693 1575 786 1603 laudis
815 1576 876 1604 iesu
902 1576 1022 1605 refertur

459 1623 497 1651 ad
512 1628 624 1660 patrem
640 1628 668 1650 et
684 1623 817 1651 inuitatio
833 1629 1021 1652 oneratorum

461 1675 488 1698 et
503 1670 698 1698 laborantium
714 1670 751 1698 ad
767 1670 902 1707 quietem.

420 1764 499 1792 XLI.
523 1764 740 1802 Discipulorum
775 1766 897 1793 sabbato
927 1766 1022 1802 spicas

461 1812 631 1840 uellentium
647 1812 871 1849 reprehensores
887 1813 1023 1850 exemplo

461 1859 549 1887 dauid
565 1864 592 1887 et
608 1860 830 1888 circumcisione
847 1860 1001 1896 redarguit.

419 1906 514 1934 XLII.
538 1907 573 1933 In
597 1916 749 1944 synagoga
771 1916 892 1935 manum
912 1907 1023 1935 aridam

463 1959 547 1982 sanat
568 1958 595 1981 et
619 1954 777 1991 pharisaeis
800 1955 951 1983 consilium
975 1955 1024 1982 ad-

462 2010 563 2028 uersus
599 2010 666 2029 eum
709 2001 880 2029 facientibus
917 2002 1025 2029 multos

463 2053 550 2079 curat.
574 2053 601 2076 et
623 2048 777 2085 prophetia
799 2049 834 2077 de
857 2049 921 2086 ipso
945 2058 1025 2077 com-

463 2095 540 2132 pleta
555 2100 740 2123 memoratur.

422 2142 532 2170 XLIII.
556 2142 687 2170 Caecum
703 2148 874 2180 mutumque
891 2152 996 2171 curans
1009 2152 1025 2170 a

464 2189 620 2217 daemonio
645 2189 746 2217 liberat
771 2195 798 2217 et
824 2190 853 2217 in
884 2190 1025 2218 belzebub

1284 349 1313 372 C.

1104 395 1139 423 vi.
1164 394 1288 422 Surdum
1304 399 1332 422 et
1345 399 1459 421 mutum
1475 393 1525 421 de—

1196 442 1328 470 monium
1343 441 1450 469 eicitur.

1073 491 1116 518 X.
1138 489 1324 517 Duodecim
1354 489 1524 522 apostolos

1156 537 1325 571 premittit
1350 544 1429 564 eum
1454 543 1522 563 om-

1154 585 1191 613 ni
1205 584 1370 612 doctrina.

1075 1196 1136 1223 XI.
1152 1196 1321 1222 Iohannes
1337 1196 1379 1222 de
1391 1202 1526 1222 carcere

1157 1244 1201 1270 ad
1228 1243 1307 1269 Ihm
1339 1245 1373 1269 et
1396 1243 1457 1269 Dis
1484 1244 1526 1269 de

1157 1291 1309 1317 Iohanne
1333 1291 1377 1317 ad
1406 1290 1527 1317 turbas

1157 1337 1321 1370 loquitur.

1127 1383 1144 1410 i.
1166 1383 1271 1420 Adque
1301 1384 1431 1420 increpat
1457 1383 1528 1411 ciui-

1198 1435 1270 1458 tates
1300 1430 1368 1467 quia
1397 1431 1528 1467 peniten-

1198 1478 1267 1505 tiam
1283 1487 1342 1506 non
1357 1482 1486 1514 egerunt.

1122 1572 1148 1599 ii.
1172 1571 1325 1600 Confessio
1361 1571 1448 1600 Ihesu
1491 1571 1528 1599 ad

1200 1624 1322 1655 patrem.

1111 1666 1146 1694 iii.
1175 1666 1212 1693 Et
1228 1666 1329 1702 iugum
1342 1666 1453 1694 domini
1465 1666 1528 1694 leue

1200 1718 1253 1741 est.

1077 1761 1158 1788 XII.
1203 1761 1372 1794 Discipuli
1417 1761 1529 1795 spicas

1200 1809 1343 1837 uellunt.

1127 1902 1143 1929 i.
1167 1901 1291 1929 Manum
1321 1901 1452 1930 haridam
1486 1911 1530 1930 sa-

1201 1954 1258 1976 nat.

1125 2137 1151 2164 ii.
1175 2136 1336 2166 Hominem
1349 2147 1366 2165 a
1376 2138 1532 2166 daemonio

1201 2188 1289 2212 caeci]
1306 2190 1332 2212 et
1345 2188 1427 2212 muti-1
1443 2190 1531 2213 curat.

456 2275 539 2298 XLII.
559 2275 716 2305 prophetiam
733 2294 738 2299 .
758 2294 764 2299 .
783 2294 789 2298 .
808 2275 957 2305 complutam
978 2284 1025 2299 me-

425 2311 505 2331 morat
523 2308 607 2331 Tlmm.

1114 2277 1199 2299 VIIII.
1213 2277 1245 2299 vi.
1258 2278 1360 2300 eicitur
1369 2283 1385 2300 4-
1395 2281 1417 2300 et
1429 2278 1452 2300 in
1463 2278 1529 2308 prin-

1080 2309 1134 2340 cipe
1168 2309 1355 2333 daemoniorum
1390 2310 1415 2332 id
1451 2311 1531 2333 facere

1080 2342 1177 2365 dieitur.

1114 2375 1145 2398 X.
1165 2377 1294 2398 doctrina
1309 2381 1326 2399 4-
1341 2384 1369 2398 ac
1385 2375 1445 2399 dicit
1464 2375 1530 2406 quod

1079 2416 1127 2431 non
1142 2409 1208 2431 uenit
1221 2416 1307 2438 pacem
1320 2408 1416 2432 mittere
1431 2409 1454 2431 in
1468 2413 1531 2432 terra

1080 2441 1121 2464 sed
1135 2441 1254 2470 gladium.

1111 2474 1158 2497 XI.
1172 2474 1188 2497 i.
1207 2475 1285 2501 quia:
1304 2481 1374 2504 quae.

1079 2514 1139 2530 esse.

1424 2474 1459 2497 iii.
1476 2473 1530 2497 leue

898 263 1124 293 CAPITULA
1152 263 1212 292 IN
1231 261 1553 292 EUANGELIUM

1550 687 1552 703 l

1550 723 1552 751 Ι

1624 345 1741 370 BHoJT
1753 354 1811 370 aur.
1826 346 1902 369 llas-l.
1919 350 1990 377 2797.

1580 392 1706 420 Surdum
1725 397 1752 420 et
1774 397 1887 420 mutum
1911 392 2030 420 daemo-

1619 440 1701 467 nium
1716 439 1790 467 eicit.

1577 486 1743 515 Duodecim
1769 486 1917 524 apostolos
1942 495 2031 523 prae-

1618 534 1701 561 mittit
1738 542 1806 561 cum
1842 534 1923 562 omni
1959 533 2030 561 doc-

1618 581 1710 608 trina:
1735 585 1765 608 et
1786 580 1851 608 dicit
1868 580 1947 617 quod
1969 589 2031 608 non

1618 628 1728 656 uenerit
1767 636 1869 664 pacem
1915 627 2029 655 mittere

1617 684 1703 711 super
1715 679 1819 702 terram
1830 675 1881 702 sed
1891 674 2027 711 gladium.

1581 1188 1632 1216 XI.
1663 1188 1713 1217 Ihs
1739 1188 1941 1216 testimonium
1968 1197 2034 1225 per-

1622 1236 1702 1264 hibet
1712 1236 1831 1264 iohanni
1847 1235 1927 1272 quod
1942 1235 2035 1263 maior

1622 1283 1765 1320 propheta
1800 1283 1866 1320 ipso
1901 1291 1962 1310 non
1999 1282 2035 1309 sit

1622 1335 1709 1367 atque
1738 1331 1867 1367 increpat
1903 1329 2035 1358 ciuitates

1621 1387 1696 1415 quae
1711 1378 1828 1406 credere
1845 1377 2009 1405 noluerunt.

1555 1563 1556 1566 ¹
1583 1566 1737 1595 Confessio
1767 1566 1834 1594 Iesu
1863 1565 1900 1593 ad
1923 1570 2033 1603 patrem

1623 1619 1651 1642 et
1661 1614 1760 1651 iugum
1767 1613 1878 1641 domini
1887 1612 1951 1641 leue
1961 1622 2035 1641 esse.

1584 1755 1652 1783 XII.
1675 1754 1816 1792 Discipuli
1852 1754 1946 1791 spicas
1975 1754 2034 1782 uel-

1625 1803 1696 1831 lunt.

1584 1897 1708 1925 Manum
1738 1896 1849 1924 aridam
1878 1895 2034 1923 habentem

1625 1949 1715 1972 sanat.

1586 2133 1749 2160 Hominem
1765 2142 1782 2160 a
1800 2131 1956 2160 daemonio
1972 2141 2036 2160 cae-

1626 2189 1692 2208 cum
1708 2184 1736 2208 et
1752 2184 1866 2207 mutum
1881 2179 1991 2207 liberat.

1618 2286 1648 2308 X.
1667 2293 1712 2308 am.
1726 2286 1874 2308 duodecim
1888 2284 1968 2307 ΒΗΘ.

1617 2318 1663 2342 XI.
1682 2318 1725 2341 Ins
1742 2321 1795 2341 test.
1806 2318 1836 2341 de
1848 2317 1898 2341 ioh.
1910 2317 1969 2340 dicit
1979 2318 2037 2346 (om.

1584 2351 1651 2381 quod
1672 2351 1750 2374 maior
1771 2350 1893 2381 propheta
1914 2350 1968 2380 ipso
1986 2357 2036 2372 non

1583 2384 1625 2407 siti
1641 2384 1731 2407 BHOJ
1745 2391 1802 2406 aur.
1838 2383 1891 2406 lene
1905 2382 1962 2406 BH.

1617 2417 1678 2440 XII.
1697 2416 1821 2440 uellebant
1835 2423 1892 2438 am:
