2209 3147
699 240 959 269 SECUNDUM
979 238 1192 268 MARCUM.

386 328 484 351 moos
499 326 631 357 (capilum)
645 325 667 355 Q
681 326 773 355 (ama).

130 513 286 541 XXXVII.
309 513 353 541 De
373 522 431 541 -un-
451 512 584 539 fratribus
604 511 652 548 qui
674 520 763 539 unam
782 520 903 539 uxorem
926 510 1033 538 habue-

171 564 236 586 runt
251 563 277 586 et
293 558 418 594 dilegere
433 557 482 584 dri]
498 561 525 584 et
540 556 715 593 proximum.

132 697 304 725 XXXVIII.
327 697 364 725 Et
390 696 466 725 Cum
491 697 679 733 interrogaret
706 695 741 723 de
767 698 826 732 xpo
852 696 932 723 cuius
958 695 1033 723 filius

172 748 247 771 esset
262 743 332 770 dixit
348 742 456 770 Cauete
471 751 488 770 a
503 741 610 769 scribis.

134 1021 321 1049 XXXVIIII.
347 1021 384 1049 Et
409 1021 535 1049 laudauit
558 1021 601 1050 ihs
623 1022 741 1050 uiduam
764 1031 819 1059 que
843 1021 1033 1058 quadrantem

175 1070 204 1097 in
219 1068 428 1106 gatzofilacium
445 1069 536 1097 mittit.

135 1162 198 1190 XL.
220 1162 258 1190 Et
270 1162 344 1190 Cum
360 1162 465 1190 diceret
481 1162 516 1191 de
532 1162 675 1200 lapidibus
691 1163 790 1199 templi
806 1162 969 1199 designauit
985 1171 1035 1190 no-

177 1210 326 1238 uissimum
343 1214 464 1247 tempus.

141 1877 220 1906 XLI.
235 1878 273 1906 Et
285 1878 386 1906 mulier
398 1877 542 1915 quaedam
555 1877 631 1907 Cum
644 1878 826 1915 perfunderet
838 1878 897 1906 ihm
911 1887 1040 1915 unguen-

182 1932 211 1954 to
227 1926 295 1954 abiit
310 1926 391 1953 iudas
407 1931 436 1953 ut
452 1925 575 1953 traderet
591 1934 665 1953 eum.

1674 235 1733 274 185

1218 322 1243 345 K
1255 322 1331 346 Harl.
1347 327 1409 353 2790
1421 322 1502 345 Nam.
1515 321 1603 344 Bamh.

1128 378 1192 396 rum
1212 368 1234 396 si
1254 368 1319 396 licet
1339 377 1458 396 censum
1478 367 1586 395 caesari
1609 367 1669 394 dari
1691 376 1734 394 re-

1127 415 1246 452 sponsio
1262 424 1332 442 uero
1347 414 1404 442 dni.

1087 508 1259 536 XXXVIII.
1288 508 1333 536 De
1356 513 1467 545 septem
1489 506 1624 534 fratribus
1646 516 1735 534 unam

1126 555 1298 583 habentibus
1323 555 1474 582 mulierem
1500 559 1527 581 et
1551 553 1666 581 alterius
1691 553 1735 581 in-

1128 602 1354 639 terrogationem
1390 601 1469 638 quod
1501 606 1574 628 esset
1608 601 1735 637 primum

1128 649 1297 677 mandatum
1319 649 1349 675 in
1370 648 1443 685 lege.

1088 695 1274 723 XXXVIIII.
1301 694 1490 732 Inter-rogatio
1514 694 1562 722 dfii
1585 694 1735 731 quomodo

1129 743 1240 770 scribae
1255 742 1350 770 dicant
1365 744 1435 778 xpm
1451 741 1539 769 filium
1555 749 1617 769 esse
1632 740 1727 768 dauid.

1090 1023 1153 1050 XL.
1176 1022 1221 1050 De
1239 1022 1358 1050 muliere
1378 1021 1436 1050 duo
1452 1021 1562 1049 minuta
1578 1022 1606 1048 in
1625 1021 1670 1049 dei
1686 1020 1737 1048 do-

1130 1070 1211 1098 nario
1226 1069 1348 1097 iactanti.

1091 1163 1169 1192 XLI.
1192 1163 1238 1191 De
1253 1162 1350 1199 templi
1365 1161 1600 1190 destructionem.

1091 1211 1186 1239 XLII.
1209 1210 1254 1239 De
1270 1209 1359 1247 signis
1374 1209 1524 1237 nouissimi
1540 1209 1686 1245 temporis.

1095 1879 1205 1908 XLIII.
1229 1879 1274 1908 De
1296 1881 1414 1909 muliere
1436 1881 1610 1910 effundentis
1631 1891 1742 1919 ungen-

1135 1934 1195 1955 tum
1212 1927 1260 1954 dni
1275 1928 1368 1964 capite
1382 1933 1409 1955 et
1424 1928 1507 1956 iudae
1522 1929 1668 1957 traditum.

1096 2020 1221 2048 XLIIII.
1248 2021 1292 2049 De
1311 2021 1358 2049 dr‘ii
1381 2030 1470 2050 caena
1492 2027 1520 2050 et
1540 2028 1650 2050 caetera
1670 2032 1743 2059 quae

1136 2069 1165 2095 in
1191 2077 1226 2096 ea
1250 2073 1314 2096 acta
1340 2074 1406 2096 sunt
1428 2069 1464 2097 de
1490 2069 1538 2097 dfii
1563 2070 1693 2097 oratione
1716 2074 1743 2097 et

1136 2114 1220 2143 iudae
1244 2115 1395 2143 traditione
1419 2116 1646 2153 iudaeorumque
1670 2116 1743 2144 inlu-

1137 2171 1226 2189 sione.

176 2299 310 2324 XXXVII.
330 2300 415 2323 fratres
432 2299 456 2322 G
473 2308 529 2322 aur.
564 2301 724 2323 habuerunt
736 2302 778 2322 et:
795 2305 812 2322 4-
821 2299 851 2322 de
862 2300 922 2323 hero
934 2300 964 2328 J;
976 2306 993 2323 ψ
1002 2300 1042 2323 de-
1068 2285 1070 2303 γ’

142 2334 199 2357 bere
212 2333 235 2356 G
247 2339 303 2355 αιιν.

176 2365 325 2389 XXXVIII.
343 2373 388 2388 om.
402 2368 430 2388 et.
441 2365 475 2387 acl
489 2365 546 2388 init.
558 2372 614 2387 αιιν.
649 2365 837 2395 interrogaretur
849 2365 928 2396 ineple
940 2365 964 2387 D
974 2372 980 2392 ;
995 2372 1011 2388 4-
1021 2369 1044 2388 et

145 2399 176 2422 G.
210 2401 297 2421 esset:
317 2398 347 2421 sit
360 2397 457 2427 EPGJQ
470 2405 541 2425 aur.;
558 2404 573 2420 ÷
583 2401 606 2420 et
618 2398 644 2421 J.

176 2431 339 2454 XXXVIIII.
358 2434 398 2453 et:
418 2431 459 2453 ubi
472 2430 556 2458 }PGJ;
574 2438 620 2453 om.
636 2437 692 2453 aur.

144 2463 227 2495 quadr.
241 2463 265 2486 in
276 2462 455 2494 gazophylacio
468 2463 539 2486 'EPGJ
543 2463 565 2493 Q
578 2471 634 2486 αιιν.

178 2496 232 2519 XL.
251 2499 278 2519 et
296 2503 359 2519 cum
376 2497 498 2519 diceret:
517 2496 559 2518 ubi
574 2496 634 2519 dicit
651 2495 682 2519 G.
716 2495 811 2526 Iapides
826 2503 882 2518 aar.
918 2495 1004 2525 templi
1021 2499 1044 2518 et

145 2528 257 2559 designat
270 2528 301 2552 G.

179 2561 246 2584 XLI.
264 2564 306 2584 et:
332 2561 374 2584 ubi
394 2561 444 2584 GJ.
479 2569 524 2584 om.
543 2563 678 2588 quaedam
697 2560 727 2584 G.
768 2568 832 2584 eum
849 2562 1043 2588 perfunderet:

146 2601 209 2625 quae
227 2593 333 2624 perfudit
350 2594 384 2621 J;
402 2593 524 2624 perfundit
541 2597 649 2622 lantum,
663 2594 692 2616 G.
727 2596 929 2621 unguent0÷et
947 2593 978 2616 G.
1013 2597 1045 2616 ut

145 2628 284 2649 traderet:
303 2630 326 2649 et
338 2626 440 2649 tradidit
451 2626 506 2649 IPJ.
542 2626 600 2649 XLI
619 2630 641 2649 el
658 2626 731 2649 XLII
750 2627 778 2649 in
794 2634 874 2649 unum
891 2626 1047 2656 coniungunt

147 2659 244 2688 {PGJQ
256 2667 323 2687 amn,
337 2662 365 2681 ut
376 2659 409 2682 sil
421 2659 508 2681 XLIII
521 2659 548 2682 7¹1!
562 2659 621 2687 ΞΡΟ,
637 2659 710 2681 XLII
724 2659 751 2681 in
763 2659 806 2688 JQ
819 2667 874 2682 am:

731 2434 756 2457 >
771 2430 869 2454 miserat
882 2430 959 2460 (misit
976 2431 1043 2460 tzur.)

1128 2303 1262 2326 XXXVII.
1281 2303 1338 2326 dare
1352 2305 1426 2327 Harl.

1128 2336 1188 2359 XL:
1208 2335 1362 2359 XXXVIIII
1374 2337 1444 2368 lapsu
1458 2337 1489 2360 K.
1525 2337 1611 2360 minita
1626 2337 1671 2361 10⁴.
