2209 3147
542 256 810 285 PRAEFATIO
838 255 925 283 UEL
949 255 1289 285 ARGUMENTUM
1312 256 1550 285 IOHANNIS.
1730 256 1793 295 489

292 361 368 381 uera
393 360 448 380 eos
472 350 596 380 dixisse
619 349 797 379 firmauerit
821 349 879 379 sed
903 349 999 379 unius
1023 353 1153 379 tantum
1182 349 1258 379 anni
1283 349 1314 378 in
1345 359 1410 388 quo
1439 354 1471 379 et
1499 360 1615 389 passus
1643 355 1693 381 est
1720 356 1795 390 post

291 411 451 433 carcerem
483 400 630 431 iohannis
660 400 829 430 historiam
860 400 1018 430 texuisse.
1079 400 1312 430 Praetermisso
1346 400 1456 439 itaque
1487 411 1572 430 anno
1599 401 1689 431 cuius
1722 407 1797 432 acta

291 465 310 484 a
331 454 433 483 tribus
457 452 610 491 exposita
634 451 760 482 fuerant
784 451 999 491 subperitoris
1023 452 1180 491 temporis
1203 456 1381 490 antequam
1407 451 1563 482 iohannes
1591 452 1798 483 clauderetur

290 505 322 535 in
339 514 467 534 carcere
482 508 576 544 gesta
592 504 736 533 narrauit
752 504 834 533 sicut
852 503 1061 533 manifestum
1078 514 1148 533 esse
1165 503 1286 542 poterit
1302 503 1352 533 his
1373 503 1428 542 qui
1450 503 1621 543 diligenter
1641 509 1799 543 quattuor

291 556 535 596 euangeliorum
553 555 720 585 uolumina
738 555 875 595 legerint
893 565 976 594 quae
993 565 1044 585 res
1058 556 1298 584 ΔΙΩΦΩΝΙΑΝ
1315 565 1400 594 quae
1417 555 1546 585 uidetur
1563 555 1710 586 iohannis
1728 566 1798 585 esse
1809 564 1822 587 5

291 618 366 637 cum
390 607 507 637 ceteris
531 607 628 638 tollit.
676 606 815 646 Scripsit
835 611 947 637 autem
969 612 1001 637 et
1021 617 1121 636 unam
1138 606 1313 646 epistolam
1330 607 1421 636 cuius
1438 607 1612 636 exordium
1630 612 1680 637 est
1697 607 1797 647 Quod

290 659 351 689 fuit
378 660 420 689 ab
448 659 539 689 initio
566 659 653 698 quod
682 659 867 688 audiuimus
894 663 927 688 et
955 659 1097 688 uidimus
1121 658 1223 689 oculis
1251 659 1339 697 quod
1368 658 1600 698 perspeximus
1624 663 1657 688 et
1682 669 1799 689 manus

291 716 420 741 nostrae
443 714 668 741 tractauerunt
691 711 733 740 de
763 710 863 740 uerbo
888 711 975 740 uitae
998 720 1082 749 quae
1106 709 1148 739 ab
1172 710 1332 740 uniuersis
1356 710 1582 741 ecclesiasticis
1606 715 1639 741 et
1663 711 1799 741 eruditis

291 762 369 792 uiris
392 762 556 802 probatur.
603 762 765 801 Reliquae
792 766 902 792 autem
934 762 1019 792 duae
1049 772 1188 801 quarum
1220 762 1415 801 principium
1444 766 1493 792 est
1526 761 1643 793 Senior
1675 762 1799 793 electae

291 814 446 844 dominae
469 819 501 844 et
525 814 610 844 natis
637 814 705 844 eius
729 818 763 844 et
787 814 952 853 sequentis
978 813 1095 844 Senior
1118 814 1193 853 gaio
1224 814 1390 844 carissimo
1418 824 1515 853 quem
1546 825 1607 854 ego
1635 814 1738 854 diligo
1766 815 1798 844 in
1812 823 1841 840 10

292 866 430 896 ueritate
462 865 625 896 Iohannes
659 866 851 905 praesbiteri
884 870 1072 896 asseruntur
1105 866 1196 895 cuius
1229 870 1261 895 et
1292 865 1389 896 hodie
1417 866 1557 896 alterum
1588 866 1797 906 sepulchrum

292 922 373 958 aput
396 917 554 957 ephesum
579 917 760 948 ostenditur
784 922 815 947 et
840 917 986 948 nonnulli
1011 922 1128 957 putant
1159 917 1241 946 duas
1269 917 1443 947 memorias
1472 918 1619 947 eiusdem
1648 918 1798 948 iohannis

292 969 513 1009 euangelistae
537 979 607 999 esse
692 979 790 1008 super
813 980 878 1009 qua
901 979 935 999 re
959 979 1033 999 cum
1054 979 1112 1009 per
1132 969 1280 999 ordinem
1302 969 1344 999 ad
1365 969 1497 1009 papiam
1521 970 1704 1000 auditorem
1730 970 1799 1000 eius

293 1026 428 1052 uentum
450 1021 546 1052 fuerit
565 1022 763 1051 disserimus.
811 1020 938 1060 Quarto
958 1021 1087 1051 decimo
1110 1021 1208 1060 igitur
1229 1031 1315 1050 anno
1340 1022 1518 1051 secundam
1542 1026 1617 1061 post
1641 1032 1797 1052 neronem

292 1073 579 1113 persequutionem
613 1078 845 1103 commonente
876 1073 1062 1103 domiciano
1096 1073 1128 1102 in
1160 1072 1316 1111 phatmos
1348 1072 1453 1103 insula
1485 1073 1638 1113 religatus
1669 1074 1839 1113 scripsit15

292 1125 508 1165 apocalypsin
530 1135 630 1164 quam
648 1126 881 1165 interpretatur
902 1125 1040 1155 iustinus
1064 1129 1188 1163 martyr
1209 1129 1241 1154 et
1263 1124 1445 1163 chyrineus.
1493 1125 1670 1155 Interfecto
1686 1130 1798 1156 autem

293 1177 477 1208 domiciano
509 1181 540 1207 et
572 1177 653 1207 actis
684 1177 753 1207 eius
785 1177 829 1207 ob
861 1177 995 1207 nimiam
1027 1176 1254 1206 crudelitatem
1289 1186 1308 1206 a
1342 1177 1549 1206 senatoribus
1581 1177 1705 1207 occisus
1737 1178 1798 1207 sub

293 1229 459 1269 pertinace
478 1229 573 1259 rediit
594 1229 752 1269 ephesum
776 1228 886 1268 ibique
908 1239 1010 1268 usque
1031 1229 1074 1259 ad
1097 1228 1259 1258 traianum
1281 1228 1461 1268 principem
1483 1239 1694 1268 perseuerans
1711 1234 1798 1259 totas

293 1281 379 1311 asiae
402 1281 552 1311 fundauit
571 1281 743 1320 erexitque
764 1280 916 1311 ecclesias
936 1285 968 1311 et
988 1281 1157 1311 confectus
1178 1280 1267 1310 senio
1289 1281 1498 1320 sexagesimo
1518 1285 1551 1311 et
1572 1286 1691 1312 octauo
1713 1292 1798 1312 anno

293 1337 369 1373 post
386 1333 572 1372 passionem
589 1333 714 1363 domini
733 1337 880 1362 mortuus
897 1333 991 1362 iuxta
1008 1332 1145 1362 eandem
1162 1332 1277 1362 urbem
1295 1332 1442 1371 sepultus
1459 1337 1517 1362 est.
1810 1347 1840 1363 20

328 1474 349 1497 3.
373 1469 558 1495 subperitoris
583 1467 619 1490 ila
645 1467 711 1496 HQ
741 1468 832 1491 rectius
862 1468 994 1499 superioris
1131 1474 1167 1497 15.
1186 1471 1300 1491 mouente
1308 1467 1399 1490 Bened.
1412 1468 1476 1492 Uall.
1493 1468 1629 1491 domitiano
1637 1471 1660 1491 et
1671 1469 1797 1498 17Benczl.

294 1506 384 1530 Bened.
401 1507 468 1530 (sall.
1101 1507 1166 1531 Uall.
1210 1506 1343 1537 phathmos
1361 1506 1389 1530 Θ.
1426 1506 1530 1530 insulam
1549 1507 1639 1530 Bcnnl.
1663 1507 1728 1531 Uall.
1764 1515 1798 1530 re-

327 1553 350 1576 4.
367 1553 487 1569 carcerem
499 1545 590 1569 Bened.
608 1545 673 1569 Uall.
708 1547 768 1569 his:
788 1546 817 1568 iis
829 1545 920 1570 Bened.
1096 1545 1186 1576 ligatos
1200 1545 1232 1568 H.

328 1592 350 1615 5.
369 1592 439 1612 quae
451 1592 510 1608 res:
529 1592 646 1616 quaerens
656 1584 727 1615 lapsu
740 1584 890 1613 H;÷etiam
902 1585 994 1608 Bencd.
1132 1584 1167 1607 16.
1186 1584 1376 1615 interpretantur
1408 1585 1501 1608 Bened.
1558 1585 1674 1608 Irenaeus
1705 1585 1797 1609 Benaci.

299 1624 366 1648 Uall.
401 1626 579 1647 ΔΙΩΦΩΝῙΑΝ
591 1624 626 1646 ,τίῑ
637 1624 662 1646 H
674 1624 708 1654 (Δ
717 1627 770 1655 sup.
780 1623 838 1654 lin.)
850 1625 886 1651 Θ;
906 1624 996 1647 rectius
1101 1623 1166 1647 (sall.

295 1662 420 1693 διαφωνίαν
432 1662 524 1686 Bencd.
542 1662 607 1687 [sall.
1133 1667 1168 1692 17.
1194 1666 1278 1685 senatu
1307 1662 1397 1685 Bened.
1426 1663 1492 1686 Uall.
1538 1664 1662 1687 occisus:
1693 1663 1798 1686 rescissis

329 1708 350 1733 7.
369 1702 581 1726 oculis÷nost1is
594 1702 685 1725 chd.
704 1702 770 1726 Uall.
1096 1701 1187 1724 chd.
1206 1701 1271 1725 Uall.

328 1742 350 1765 8.
369 1744 578 1765 contrectauerunt
591 1741 682 1764 Bened.
699 1741 766 1764 (sall.
1132 1740 1168 1763 18.
1191 1741 1350 1767 pertinace:
1369 1748 1443 1763 nerua
1460 1741 1541 1767 L7all.;
1560 1741 1696 1772 ÷principe
1706 1741 1796 1764 Bened.

330 1787 367 1805 10.
385 1780 439 1804 caio
452 1780 543 1803 Bened.
559 1780 624 1804 Uall.
1101 1779 1166 1803 Uall.
1202 1779 1263 1802 redit
1276 1779 1366 1802 Hanni.
1386 1780 1451 1803 Uale.

331 1827 367 1844 11.
385 1819 498 1843 iohannis
510 1819 532 1842 Θ
546 1818 636 1842 Bencd.
654 1819 720 1842 Uall.
755 1819 905 1850 praesbyteri
918 1819 947 1842 Θ.
1131 1825 1169 1849 19.
1192 1818 1303 1849 rexitque
1323 1818 1414 1841 Baencd.
1444 1819 1509 1842 Uall.
1545 1819 1683 1842 confractus
1706 1819 1796 1842 Bezzcd.

331 1866 367 1883 12.
386 1862 427 1882 et:
445 1858 490 1882 etsi
507 1858 573 1882 Uall.
1096 1865 1143 1880 om.
1156 1860 1184 1880 et
1196 1865 1238 1880 sec.
1252 1857 1343 1880 Bened.
1362 1857 1428 1881 Uall.

332 1905 368 1928 13.
386 1905 436 1926 per
447 1901 500 1928 sup.
515 1897 561 1920 lin.
576 1897 610 1920 H.
1132 1902 1169 1920 20.
1191 1899 1277 1927 >post
1289 1896 1428 1926 passionem
1441 1896 1535 1920 domini
1549 1905 1612 1920 anno
1624 1897 1716 1920 Bencd.
1731 1898 1796 1921 Uall.

332 1944 367 1968 14,
387 1937 532 1960 disseremus
544 1935 634 1959 Bened.
652 1935 714 1959 Uall
1097 1935 1160 1958 iusta
1173 1934 1258 1958 eadem
1273 1935 1307 1958 H.

362 1987 457 2010 Subscr.
475 1986 544 2009 deest.
