2209 3147
375 328 480 359 Dff‘GQ
491 336 548 351 aur.
560 336 579 351 c.

268 375 437 403 natatoriam
465 374 607 411 piscinam
633 374 726 401 homi-

268 430 335 449 nem
350 421 387 448 ab
402 420 566 448 infirmitate
582 429 726 448 annorum

268 477 387 496 xxxum.

225 1117 293 1145 XII.
324 1117 369 1145 De
385 1126 422 1145 ·u-
438 1117 561 1153 panibus
577 1117 725 1145 ordeaceis

267 1169 340 1192 et-n-
351 1164 477 1201 piscibus
487 1164 535 1192 ubi
545 1164 647 1192 uolunt
657 1173 724 1191 eum

267 1215 364 1238 tenere
384 1210 414 1238 in
434 1220 532 1247 regem
552 1215 580 1238 et
601 1210 673 1246 fugit
688 1210 725 1238 ad

266 1257 424 1294 discipulos
466 1266 533 1285 suos
573 1257 724 1285 ambulans

266 1314 350 1341 super
365 1313 444 1331 mare
461 1309 487 1332 et
500 1304 571 1332 dixit
588 1313 643 1341 ego
661 1313 724 1331 sum

266 1351 348 1388 panis
364 1351 447 1378 uitae.

228 2016 313 2045 XIII.
335 2016 410 2045 Cum
420 2016 518 2053 Aliqui
531 2015 565 2043 de
578 2014 726 2051 discipulis

269 2064 381 2091 abirent
400 2068 475 2090 retro
495 2062 565 2089 dixit
584 2061 725 2098 numquid

270 2116 297 2138 et
311 2110 373 2138 Uos
389 2109 473 2137 uultis
488 2110 536 2136 ire.

229 2157 329 2185 XIIII.
361 2156 399 2184 Et
428 2156 569 2183 Dixerunt
600 2155 637 2182 ad
667 2155 725 2182 ihm

754 245 1015 275 SECUNDUM
1034 245 1143 273 IOHA
1151 244 1294 273 NNEM

942 330 959 353 J
971 328 1113 360 (capitula).

820 375 937 403 homine
959 375 1072 402 infirmo
1093 374 1141 411 qui
1162 378 1277 401 sanatus

820 427 870 449 est.

779 468 831 495 XI.
864 468 909 496 De
937 477 972 496 eo
1001 468 1079 504 quod
1110 467 1183 494 filius
1213 466 1278 494 facit

819 515 890 543 sieut
906 520 933 543 et
948 519 1029 552 pater
1044 519 1071 542 et
1086 514 1219 541 uiuificat.

778 562 814 589 Et
825 562 859 589 de
871 562 1078 590 resurrectione
1088 566 1275 588 mortuorum.

778 797 846 824 XII.
870 796 927 824 Ubi
948 797 1015 824 dicit
1037 805 1096 823 non
1119 804 1239 833 possum
1262 804 1278 822 a

819 854 865 872 me
880 844 973 872 facere
989 844 1153 880 quicquam.
1189 843 1227 870 Et
1242 842 1277 870 de

820 891 951 919 Iohanne
977 891 1044 918 dicit
1069 890 1135 926 quia
1162 890 1277 917 lucerna

819 944 885 966 erat.

779 1119 862 1147 XIII.
886 1119 929 1147 De
940 1119 1066 1156 quinque
1077 1118 1199 1155 panibus
1210 1117 1276 1145 hor-

819 1166 932 1194 deaceis
955 1172 981 1194 et
1004 1166 1117 1194 duobus
1143 1165 1277 1202 piscibus.

818 1214 855 1241 Et
871 1214 938 1250 quia
952 1213 1129 1250 quaerebant
1151 1220 1217 1239 eum
1238 1211 1277 1239 fa-

819 1270 883 1288 cere
900 1269 1006 1297 regem.

778 1308 878 1336 XIIII.
914 1307 973 1335 Ubi
1005 1311 1145 1335 uenerunt
1178 1306 1276 1333 turbae

819 1356 847 1390 in
873 1355 1080 1392 Capharnaum
1107 1358 1277 1391 quaerentes

821 1403 932 1430 Iesum:
966 1407 993 1430 et
1022 1402 1090 1429 dicit
1124 1410 1179 1439 ego
1212 1410 1276 1428 sum

820 1451 901 1487 panis
916 1450 991 1477 uitae
1007 1450 1054 1486 qui
1076 1449 1111 1477 de
1127 1448 1207 1476 caelo
1228 1448 1276 1476 de—

819 1497 923 1525 scendi.

779 1732 843 1760 XV.
866 1732 924 1760 Ubi
947 1732 1013 1760 dicit
1041 1731 1092 1759 nisi
1120 1730 1277 1758 manduea-

820 1780 913 1807 ueritis
940 1788 1055 1807 carnem
1079 1778 1128 1806 filii
1154 1777 1278 1805 hominis

820 1835 878 1854 non
895 1826 1037 1854 habebitis
1052 1826 1150 1853 uitam.

778 2018 815 2045 Et
831 2018 897 2054 quia
914 2017 1025 2053 plurimi
1049 2015 1179 2052 discipuli
1201 2015 1276 2042 abie-

820 2069 886 2092 runt
903 2069 984 2092 retro.

780 2158 860 2186 XVI.
893 2158 951 2186 Ubi
984 2157 1082 2185 fratres
1116 2156 1176 2184 eius
1208 2165 1276 2184 con-

821 2205 966 2242 pellebant
988 2213 1053 2232 eum
1080 2204 1119 2230 ire
1142 2203 1179 2230 ad
1201 2203 1277 2230 diem

1765 250 1826 282 497

1393 326 1417 349 K
1427 326 1504 349 Harl.
1520 331 1583 356 2790
1593 326 1674 349 Naue.
1685 326 1772 349 Bamb.

1372 381 1510 408 mumque
1540 380 1652 399 xxxum
1686 381 1829 399 annorum

1372 423 1509 445 curatum.

1331 1120 1382 1147 XI.
1406 1119 1450 1147 De
1475 1120 1602 1157 quinque
1627 1120 1751 1156 panibus
1775 1121 1831 1158 sig-

1372 1176 1450 1194 num.

1330 1260 1397 1288 XII.
1421 1261 1470 1289 Ihs
1481 1260 1648 1288 ambulabat
1657 1270 1742 1298 super
1752 1270 1831 1289 mare

1371 1318 1404 1336 ac
1434 1308 1503 1336 dicit
1532 1308 1598 1336 ideo
1631 1308 1766 1336 descendi
1796 1308 1831 1336 de

1372 1355 1452 1383 caelo
1473 1360 1502 1382 ut
1525 1354 1628 1382 faciam
1651 1354 1831 1383 uoluntatem

1371 1402 1431 1430 eius
1446 1402 1495 1438 qui
1512 1411 1558 1429 me
1575 1401 1659 1429 misit.

1332 2013 1416 2040 XIII.
1450 2012 1507 2040 Ubi
1537 2012 1651 2040 dicente
1683 2012 1742 2040 dno
1775 2020 1831 2048 ego

1373 2069 1437 2088 sum
1452 2060 1535 2097 panis
1551 2060 1626 2087 uitae
1641 2065 1668 2087 et
1685 2060 1732 2095 qui
1749 2068 1831 2086 man—

1372 2107 1457 2135 ducat
1477 2116 1523 2135 me
1545 2107 1621 2134 uiuet
1644 2111 1762 2143 propter
1784 2114 1831 2133 me

1372 2154 1453 2181 multi
1474 2153 1681 2190 discipulorum
1700 2153 1831 2180 abierunt

1371 2207 1454 2229 retro.

261 2272 306 2295 XI.
329 2271 390 2297 >ab
408 2270 549 2293 infirmitate
566 2269 692 2293 hominem
708 2278 726 2292 c.

229 2310 342 2327 XXXUIII
352 2311 368 2326 η’-
378 2303 475 2326 sanauit
488 2303 510 2333 Q
522 2311 578 2325 αιινΔ
593 2311 611 2325 ί,

261 2337 321 2360 XII.
340 2336 425 2359 hordei
444 2336 467 2359 G
479 2343 535 2358 aur.
549 2343 567 2358 c.
602 2337 727 2362 piscibus

236 2376 253 2393 -θ-
262 2370 286 2392 in
295 2369 400 2400 quinque
411 2368 479 2391 milia
490 2368 595 2391 uirorum
607 2368 629 2391 G
640 2375 697 2391 aur.
707 2376 725 2391 r.

230 2404 293 2425 ubi:
322 2405 346 2425 et
366 2409 383 2424 c.
430 2401 547 2424 uolebant
577 2400 599 2423 G
628 2408 685 2423 tzur.
709 2408 727 2423 s.

229 2438 339 2457 tenere:
361 2438 385 2457 et
403 2434 515 2457 tenebrae
533 2433 603 2463 lapsu
622 2433 652 2463 Q.
682 2440 728 2456 om.

229 2469 260 2490 in
271 2475 290 2490 c.
319 2468 393 2494 fugit
402 2474 417 2489 ÷
427 2471 450 2489 et
464 2468 499 2494 (4-
508 2466 549 2488 ubi
561 2466 582 2493 c)
597 2466 663 2488 uenit
676 2465 728 2488 rell,

229 2507 295 2523 suos
307 2507 353 2523 om.
366 2499 418 2522 rell.
453 2506 526 2529 supra
540 2498 569 2528 Q.

262 2532 335 2555 XIII⁴
355 2533 406 2554 de:
424 2539 453 2554 ex
466 2531 488 2554 G
526 2531 615 2553 dixit:
636 2534 729 2560 ÷13etr0

230 2564 254 2588 G
264 2573 269 2592 ;
295 2572 310 2586 4
321 2565 384 2587 iesus
396 2567 465 2594 petro
477 2571 533 2586 aar.
547 2571 564 2585 c.

263 2597 343 2620 XIIII
353 2599 376 2620 el
385 2596 432 2619 XV
442 2597 469 2619 2'12
482 2603 563 2618 mmm
576 2595 731 2625 coniungunt

232 2629 280 2659 GQ
292 2637 348 2652 aur.
359 2637 370 2652 c
381 2629 425 2652 sub
438 2636 542 2651 numero
555 2628 642 2651 XIIII.

1363 2269 1394 2292 X.
1414 2274 1506 2291 xxtJnI
1529 2268 1620 2294 Harl.;
1648 2267 1749 2298 triginta
1773 2270 1829 2290 octo

1332 2301 1418 2325 Bamh.
