2209 3147
472 263 529 301 178

713 347 822 370 AHVV.

467 487 568 515 XIIII.
602 486 721 515 Uadens
756 492 900 514 mortuam
934 487 1069 514 suscitare

508 535 594 562 filiam
620 534 679 561 iairi
708 533 858 561 mulierem
884 543 900 561 a
926 533 1070 570 profluuio

506 581 653 618 sanguinis
676 590 782 609 sanans
802 580 919 609 suscitat
940 581 1070 617 protinus

506 634 533 656 et
549 628 683 665 puellam.

466 722 531 750 XV.
555 722 694 750 Mirantes
720 721 879 750 doctrinam
901 726 928 750 et
951 722 1070 749 uirtutes

508 770 579 797 fabri
595 770 684 797 filium
700 769 797 797 dicunt
814 769 963 797 audientes
981 769 1018 797 ab
1034 777 1069 796 eo

507 826 568 845 non
591 826 654 845 esse
680 816 851 853 prophetam
875 816 935 844 sine
959 816 1068 844 honore

507 864 561 892 nisi
579 864 608 892 in
624 864 715 901 patria
730 873 789 891 sua.

467 911 548 939 XVI.
574 911 693 939 Mittens
729 910 884 938 duodecim
921 910 1069 947 praedica-

508 964 587 986 turos
616 957 776 995 praeceptis
809 957 921 985 instruit
955 957 1069 985 conlata

507 1005 597 1043 gratia
612 1005 775 1033 sanitatum.

468 1052 565 1080 XVII.
588 1052 723 1080 Herodes
736 1057 836 1080 tenens
851 1051 1008 1079 iohannem
1025 1051 1069 1079 die

508 1099 550 1127 sui
576 1099 679 1127 natalis
707 1098 813 1126 occidit
839 1104 981 1135 caputque
1010 1098 1070 1126 eius

509 1145 666 1174 saltationis
682 1145 843 1182 praemium
859 1145 887 1172 in
901 1145 981 1173 disco
998 1145 1070 1172 filiae

509 1193 602 1220 tradit.

468 1334 582 1362 XVIII.
605 1334 650 1361 De
671 1334 797 1371 quinque
818 1333 940 1370 panibus
956 1339 984 1361 et
999 1333 1071 1361 duo-

509 1382 562 1409 bus
574 1381 701 1418 piscibus
714 1381 839 1417 quinque
851 1380 976 1408 uirorum
992 1380 1071 1408 milia

510 1428 655 1456 saturauit.

469 1475 551 1503 XIX.
574 1474 685 1509 Quarta
703 1474 796 1502 noctis
818 1474 915 1511 uigilia
936 1475 1013 1502 uenit
1035 1475 1071 1503 ad

510 1521 665 1558 discipulos
680 1521 834 1549 ambulans
849 1530 934 1558 supra
950 1530 1038 1549 mare.

469 1569 535 1596 XX.
562 1569 710 1597 Accusant
744 1568 883 1605 pharisaei
916 1569 1071 1606 discipulos

511 1626 570 1644 non
586 1616 650 1644 lotis
669 1616 803 1643 manibus
823 1616 1030 1644 manducantes
1045 1622 1071 1644 et

510 1664 695 1700 increpantur
723 1663 760 1690 ab
790 1672 825 1691 eo
854 1663 889 1691 de
921 1670 1071 1700 parentum

511 1711 686 1747 inspretione
715 1710 760 1738 uel
790 1710 825 1738 de
851 1711 953 1739 ceteris
981 1720 1069 1748 expo-

511 1762 598 1786 nente
623 1767 697 1795 quae
720 1758 831 1794 possint
857 1757 1003 1786 hominem
1030 1759 1072 1786 in-

511 1806 639 1842 quinare.

473 1852 554 1879 XXI.
576 1851 705 1880 Mulieris
720 1851 941 1889 syrophenissae
954 1852 1041 1881 filiam
1058 1862 1074 1880 a

513 1899 668 1927 daemonio
682 1899 790 1927 liberat.

474 2042 571 2070 XXII.
596 2041 680 2071 Muto
702 2042 846 2079 surdoque
868 2051 972 2070 uocem
996 2043 1075 2071 resti-

514 2096 597 2118 tuens
612 2090 679 2117 dicit
697 2090 789 2117 effeta.

509 2164 563 2187 XV.
582 2172 627 2187 om.
643 2163 753 2191 H*‚÷1'n
766 2172 812 2195 mg.
828 2163 871 2188 H'.

509 2197 592 2220 XVII.
612 2197 691 2220 tradet
706 2197 738 2220 H.

510 2230 580 2252 XIX.
599 2230 697 2253 ueniens
710 2230 743 2253 H.
779 2238 850 2260 super
868 2231 951 2253 Tlmm.

511 2263 566 2285 XX.
586 2263 709 2293 sprelione
731 2263 753 2285 lI
783 2263 866 2286 Tssom.
902 2270 986 2290 quae:
1004 2263 1077 2286 ÷sint

477 2303 539 2325 quae
554 2295 587 2318 H,
625 2299 723 2326 possent
738 2295 776 2318 Α’-’.

511 2328 579 2350 XXI.
599 2327 694 2350 mulieri
709 2328 743 2351 H.

952 261 1180 291 CAPITULA
1208 261 1267 290 IN
1287 260 1608 290 EUANGELIUM

1224 346 1293 369 COT
1307 346 1383 370 Harl.
1400 351 1469 376 2797.

1164 392 1201 420 Et
1227 392 1263 420 de
1289 392 1433 420 daemone
1456 391 1500 419 cui
1524 400 1575 419 no-

1205 448 1272 466 men
1288 439 1363 475 legio
1379 438 1438 466 fuit.

1123 488 1161 514 V.
1183 487 1443 519 Archisinagogi
1470 486 1575 513 finam

1204 535 1286 561 dum
1298 534 1364 560 iret
1374 533 1575 560 resuscitare

1205 580 1355 608 mulierem
1386 589 1402 607 a
1430 579 1575 616 profluuio

1204 627 1353 663 sanguinis
1368 627 1476 654 liberat.

1164 674 1293 702 Puellam
1309 674 1434 701 suscitat.

1164 721 1339 758 Prophetam
1359 721 1388 748 in
1409 721 1500 757 patria
1523 729 1575 748 sua

1204 768 1265 796 sine
1280 768 1392 796 honore
1407 776 1496 795 aesse.

1163 909 1326 937 Duodecim
1343 908 1490 946 discipulis
1510 917 1576 945 pre-

1204 961 1288 993 cepta
1308 956 1356 984 dat
1376 961 1422 984 aet
1439 955 1577 992 premittit

1204 1012 1280 1031 aeos.

1163 1050 1208 1078 De
1225 1051 1318 1087 capite
1335 1049 1482 1078 Iohannis.

1123 1241 1180 1267 VI.
1197 1240 1353 1273 Regressi
1364 1240 1523 1273 discipuli
1533 1240 1576 1266 ad

1204 1288 1288 1314 Ihm.

1165 1333 1209 1361 De
1231 1333 1360 1370 quinque
1382 1333 1506 1370 panibus
1532 1337 1577 1360 aet

1205 1381 1320 1408 duobus
1335 1381 1468 1417 piscibus.

1165 1475 1214 1502 Ihs
1223 1474 1396 1502 hambulans
1406 1483 1492 1511 super
1498 1484 1575 1503 mare

1204 1522 1284 1550 uenit
1299 1521 1335 1549 ad
1350 1521 1514 1558 discipulos.

1164 1568 1209 1597 De
1239 1569 1359 1596 diuersis
1388 1569 1576 1606 languoribus

1206 1616 1312 1644 sanatis
1327 1620 1355 1644 et
1369 1616 1511 1643 manibus.

1165 1663 1201 1690 Et
1213 1663 1293 1700 quod
1309 1672 1369 1691 non
1381 1672 1455 1700 quae
1471 1663 1577 1690 intrant

1206 1711 1235 1737 in
1256 1710 1403 1738 hominem
1425 1710 1577 1747 quoinqui-

1207 1762 1277 1785 nant
1295 1757 1450 1785 hominem.

1126 1854 1204 1880 VII.
1229 1854 1278 1880 De
1313 1853 1384 1879 filia
1420 1853 1578 1886 syrophe-

1207 1900 1318 1927 nissae
1362 1907 1382 1926 α
1424 1900 1579 1927 demonio

1207 1948 1380 1974 saluatam.

1171 2039 1250 2067 Hubi
1270 2039 1389 2067 surdum
1406 2045 1453 2067 aet
1468 2045 1579 2067 mutum

1211 2087 1327 2114 curauit.

1646 345 1663 367 J
1677 344 1782 375 (breues)
1796 344 1818 367 O
1833 345 1891 367 Ραν.
1907 344 1962 368 Lat.
1980 345 2066 375 10438.

1631 484 1664 511 V.
1701 484 1931 521 Archisynagogi
1996 484 2082 512 filiam

1670 537 1814 559 mortuam
1839 532 1953 559 suscitat

1629 719 1800 756 prophetam
1812 719 1841 747 in
1853 719 1946 756 patria
1958 728 2008 747 sua
2020 719 2083 748 sine

1669 766 1780 806 honore
1794 775 1857 795 esse
1873 766 1942 794 dicit

1629 907 1783 936 duodecim
1816 907 1973 945 discipulos
2001 916 2083 944 prae-

1670 954 1755 982 mittit
1771 963 1837 983 cum
1853 955 2013 992 praeceptis

1630 1049 1665 1076 de
1681 1049 1774 1086 capite
1790 1048 1932 1076 iohannis.

1630 1243 1657 1269 V
1660 1243 1682 1270 I.
1707 1242 1841 1279 Regressi
1881 1242 2004 1279 apostoli
2047 1242 2083 1270 ad

1671 1290 1729 1318 ihm
1756 1290 1791 1317 de
1813 1289 1940 1327 quinque
1961 1289 2084 1326 panibus

1670 1342 1697 1365 et
1719 1337 1832 1365 duobus
1850 1337 1977 1374 piscibus
2000 1337 2083 1373 quin-

1670 1393 1726 1422 que
1742 1384 1820 1412 milia
1832 1384 1962 1411 uirorum
1975 1389 2083 1412 saturat

1671 1432 1713 1459 ihs
1729 1441 1815 1468 supra
1829 1440 1908 1459 mare
1923 1431 2050 1459 ambulat

1631 1676 1665 1694 ea
1697 1667 1790 1704 magis
1819 1666 2006 1704 coinquinare
2035 1665 2085 1694 ho-

1673 1714 1782 1742 minem
1811 1723 1885 1751 quae
1913 1719 2020 1741 exeunt
2049 1713 2085 1741 de

1673 1770 1731 1789 ore.

1634 1855 1701 1883 VII.
1724 1855 1825 1883 Filiam
1865 1855 2086 1892 syrophenissae

1674 1912 1691 1930 a
1720 1903 1873 1931 daemonio
1902 1902 2002 1930 liberat
2026 1911 2086 1930 sur-

1675 1950 1743 1978 dum
1764 1955 1792 1978 et
1813 1955 1926 1978 mutum
1945 1955 2023 1977 curat
2044 1949 2086 1977 di-

1676 2007 1744 2026 cens
1760 1997 1784 2025 ei
1800 1997 1905 2034 epheta

1163 2167 1224 2190 1111.
1245 2171 1271 2193 >
1287 2167 1331 2190 fuit
1344 2166 1409 2198 legio
1421 2167 1451 2189 Θ.

1163 2200 1192 2222 V.
1212 2200 1304 2223 honore
1328 2199 1472 2223 essc÷dicit
1498 2200 1580 2223 Thom.

1130 2234 1190 2260 (mm
1204 2236 1285 2255 aulem
1296 2233 1368 2256 Alex.
1380 2234 1428 2262 14).
1453 2241 1498 2255 om.
1512 2235 1580 2256 duo—

1130 2268 1221 2289 decim
1249 2268 1279 2288 (τ).
1322 2269 1344 2288 et
1380 2265 1514 2296 praemittit
1546 2266 1581 2289 eis

1136 2298 1232 2325 lem.;
1250 2306 1294 2321 om.
1308 2299 1338 2321 (τ).

1164 2331 1208 2354 VI.
1235 2332 1386 2358 discipuli:
1421 2331 1528 2361 apostoli
1558 2331 1580 2351 G)

1104 2366 1105 2369 ’
1131 2364 1216 2387 Harl..
1235 2364 1318 2386 Tabam.
1354 2371 1399 2386 om.
1421 2367 1449 2386 et
1469 2365 1580 2386 duobus

1104 2391 1106 2429 ξ
1131 2398 1255 2423 piscibus
1266 2398 1295 2419 (-).
1317 2398 1441 2423 piscibus
1451 2403 1464 2413 0¹
1475 2397 1582 2425 quinque

1104 2437 1106 2459 ¹.
1132 2428 1201 2451 milia
1222 2429 1330 2451 uirorum
1351 2433 1490 2452 saturantur
1508 2429 1580 2452 Ahar.

1134 2468 1162 2491 ¹4
1191 2465 1229 2491 ap.
1260 2462 1343 2484 lem.
1395 2463 1428 2484 de
1461 2463 1581 2484 diuersis

1126 2498 1223 2524 pacm.
1245 2498 1267 2516 et
1295 2494 1377 2517 Thom.
1420 2494 1450 2517 de
1468 2494 1582 2517 inanibus

1132 2527 1170 2553 Θς
1186 2534 1201 2549 ÷
1211 2530 1235 2549 et
1249 2527 1353 2549 uasculis
1368 2527 1480 2550 lauandis
1497 2527 1580 2549 Tlmm.

1133 2560 1156 2582 in
1169 2559 1268 2582 homine
1282 2560 1365 2583 Ilm—l..
1375 2560 1456 2582 lem.
1488 2559 1579 2590 arlstn.

1140 2592 1206 2616 ÷sed
1220 2600 1281 2622 quae
1297 2597 1383 2615 exeunt
1401 2592 1431 2615 de
1448 2592 1546 2615 homine
1559 2594 1580 2613 (··)

1131 2625 1194 2647 codd.
1207 2629 1244 2655 ap.
1261 2625 1344 2647 lem.

1167 2657 1223 2680 VII.
1250 2657 1344 2680 saluata
1376 2658 1458 2681 Harl..
1484 2657 1581 2683 Thalam

1132 2690 1234 2713 liberata
1247 2693 1275 2712 tr).

1668 2165 1698 2188 V.
1719 2172 1735 2189 ψ
1744 2165 1779 2188 ad
1793 2165 1850 2188 init.
1863 2165 1991 2188 mulierem
2003 2173 2017 2187 a
2030 2172 2085 2195 pro-

1636 2198 1711 2221 fluuio
1724 2198 1850 2228 sanguinis
1862 2197 1953 2221 liberat
1965 2196 2005 2220 ΟΕ.

1669 2231 1712 2254 VI.
1742 2231 1857 2261 regressis
1891 2230 2011 2261 apostolis
2041 2230 2085 2253 JX

1640 2264 1724 2287 Thom.
1735 2263 1904 2294 apostolorum
1917 2263 1957 2286 Οἳ.
1987 2262 2087 2285 milibus

1635 2296 1674 2320 0².
1693 2297 1811 2319 saturauit
1826 2296 1910 2319 leom.
1929 2297 2080 2321 ambulat-0-

1635 2330 1664 2352 de
1673 2329 1774 2353 diuersis
1784 2329 1943 2359 languoribus
1951 2327 2086 2352 sanatisO².

1669 2362 1727 2385 VII.
1744 2362 1796 2384 filia
1809 2362 1853 2385 O*.
