2209 3147
705 255 931 285 CAPITULA
960 256 1067 284 ALIA
1096 256 1155 285 IN
1173 255 1452 286 MATTHEUM.

477 349 537 372 Par.
550 348 607 372 Lat.
623 348 709 379 10438.

294 396 406 425 XXIII.
428 396 473 424 De
488 405 524 424 eo
540 395 620 432 quod
642 395 670 422 in
691 400 764 423 terra
779 404 891 431 gerase-

334 452 435 471 norum
450 443 603 470 daemonia
618 442 709 469 eiecit.

293 489 421 517 XXIIII.
458 489 502 517 De
529 498 564 517 eo
594 488 673 525 quod
703 488 890 525 paralyticum

333 536 412 564 iussit
427 545 543 572 surgere
559 541 586 563 et
601 544 668 563 eum
684 535 760 563 lecto
776 536 825 562 ire.

292 583 386 611 XXV.
430 582 476 610 De
504 592 539 611 eo
568 581 648 619 quod
677 582 825 609 matheum
855 581 890 609 de

332 630 465 658 theloneo
499 629 614 657 uocauit
643 634 671 657 et
707 628 787 666 quod
823 629 890 656 dicit

330 686 390 705 non
411 681 497 712 egent
520 676 581 703 sani
603 676 718 704 medico
741 675 792 703 sed
815 676 889 703 male

332 722 478 751 habentes.

290 769 400 797 XXVI.
422 769 467 797 De
486 779 520 798 eo
536 769 617 806 quod
639 769 687 796 filii
710 770 808 806 sponsi
830 778 890 798 non

330 817 435 845 debent
453 816 578 844 ieiunare
594 816 733 853 quamdiu
748 825 815 844 cum
836 816 889 845 illis

328 868 371 892 est
386 872 519 900 sponsus.

288 910 414 938 XXVII.
437 910 481 938 De
503 920 538 939 eo
560 910 640 947 quod
662 911 764 939 mulier
782 920 799 938 a
820 919 888 947 pro-

328 957 417 986 fluuio
437 957 585 994 sanguinis
608 957 742 985 liberatur
762 963 789 985 et
810 957 889 995 quod

328 1004 384 1032 filia
404 1004 539 1041 principis
555 1013 571 1032 a
587 1009 678 1032 morte
695 1005 886 1033 resuscitatur.

288 1051 431 1079 XXVIII.
460 1051 503 1079 De
528 1060 563 1079 eo
588 1050 668 1088 quod
694 1051 793 1080 oculos
822 1061 888 1079 cae-

328 1107 429 1126 corum
441 1098 553 1134 aperuit
565 1103 592 1125 et
603 1098 721 1125 surdum
735 1104 762 1126 et
776 1103 887 1126 mutum

327 1145 514 1173 daemonium
529 1145 620 1172 eiecit.

286 1191 445 1220 XXVIIII.
469 1191 513 1219 De
529 1201 564 1220 eo
580 1191 659 1228 quod
677 1191 819 1219 circuiens
842 1192 887 1220 ihs

327 1239 454 1266 ciuitates
476 1238 608 1266 infirmos
630 1239 740 1266 curauit
762 1244 789 1266 et
808 1239 888 1276 quod

327 1285 465 1323 apostolis
480 1290 654 1322 potestatem
666 1286 824 1314 curationis
836 1286 887 1314 do—

325 1332 404 1360 nauit
434 1337 461 1360 et
490 1332 570 1369 quod
599 1333 738 1369 apostolis
768 1333 887 1361 nomina

326 1380 428 1407 indidit
442 1384 470 1407 et
486 1389 536 1408 eos
551 1379 588 1407 ad
604 1379 770 1407 docendum
786 1380 872 1407 misit.

285 1473 381 1501 XXX.
404 1473 450 1502 De
468 1483 504 1502 eo
526 1473 605 1510 quod
627 1478 657 1501 ut
676 1473 798 1510 apostoli
819 1483 885 1510 pru-

326 1520 426 1549 dentes
449 1525 545 1549 essent
566 1521 637 1548 sicut
659 1525 806 1557 serpentes
824 1530 885 1548 am—

326 1568 445 1595 monuit.

285 1614 397 1642 XXXI.
423 1614 468 1642 De
493 1623 528 1642 eo
553 1614 632 1651 quod
660 1614 783 1650 predixit
806 1614 885 1651 quod

326 1667 407 1698 pater
430 1661 520 1689 filium
549 1666 576 1688 et
603 1660 687 1688 frater
710 1660 827 1689 fratrem
857 1667 885 1689 et

326 1709 398 1736 filius
414 1713 526 1745 patrem
542 1708 576 1735 sit
593 1707 752 1736 traditurus.

285 1755 411 1783 XXXII.
444 1755 488 1783 De
512 1764 547 1783 eo
573 1754 652 1792 quod
681 1755 749 1782 dicit
778 1755 800 1782 si
831 1763 883 1783 uos

324 1808 531 1840 persequentur
546 1802 575 1829 in
592 1802 705 1830 ciuitate
722 1811 779 1829 una
795 1802 883 1839 fugite

324 1850 353 1877 in
369 1849 463 1877 aliam.

283 1896 426 1924 XXXIII.
454 1896 499 1924 De
522 1905 558 1924 eo
582 1895 662 1933 quod
688 1904 747 1923 non
771 1897 882 1924 uenerit

324 1944 377 1971 dfis
393 1952 496 1980 pacem
511 1943 622 1970 mittere
638 1942 688 1970 sed
704 1942 841 1979 gladium.

283 1990 440 2018 XXXIIII.
479 1989 523 2018 De
553 1998 589 2017 eo
621 1989 699 2026 quod
731 1989 799 2017 dicit
833 1990 881 2026 qui

324 2043 401 2065 amat
438 2041 549 2074 patrem
578 2041 625 2064 aut
658 2041 779 2063 matrem
817 2037 882 2073 plus

323 2093 411 2120 quam
434 2093 480 2111 me
506 2093 566 2111 non
590 2088 630 2111 est
657 2092 704 2110 me
727 2083 831 2119 dignus
854 2088 881 2111 et

324 2131 372 2167 qui
387 2139 440 2158 uos
457 2130 556 2167 recipit
572 2139 618 2158 me
634 2129 744 2166 recipit.

283 2177 407 2205 XXXV.
442 2177 485 2205 De
510 2187 545 2205 eo
572 2177 651 2214 quod
680 2175 821 2204 iohannes
844 2177 881 2204 ad

323 2225 382 2252 ihm
397 2224 514 2251 mandat
536 2230 565 2251 tu
582 2233 612 2252 es
627 2224 677 2260 qui
697 2228 835 2251 uenturus
851 2233 881 2252 es

323 2281 360 2299 an
379 2271 466 2299 alium
482 2276 668 2308 expectamus
688 2275 716 2298 et
737 2271 815 2307 quod
837 2271 880 2298 ihs

323 2318 391 2346 dicit
416 2317 463 2345 lex
489 2322 516 2345 et
542 2317 700 2354 prophetae
730 2326 820 2353 usque
844 2317 880 2345 ad

322 2365 478 2392 iohannem
494 2364 745 2402 prophetauerunt.

1092 347 1222 371 Hilarius.

944 580 997 608 IX.
1033 580 1079 609 De
1103 580 1255 609 Matthaeo
1277 581 1369 618 publi-

985 636 1068 656 cano.
1127 626 1172 655 De
1203 627 1369 664 pharisaeo-

984 684 1056 709 rum,
1093 680 1121 702 et
1161 674 1369 711 discipulorum

985 721 1103 749 Ioannis
1143 721 1260 750 ieiunio.
1325 722 1369 750 De

984 768 1088 797 adsutu
1103 768 1192 805 panni
1207 768 1294 796 rudis.
1324 768 1369 797 De

983 815 1127 852 profluuio
1143 815 1278 843 mulieris.
1322 815 1367 844 De

983 862 1039 890 filia
1059 862 1197 899 principis
1213 862 1337 890 excitata
1352 872 1369 891 a

983 909 1111 937 mortuis.
1171 908 1217 937 De
1254 909 1368 938 duobus

983 956 1086 985 caecis.
1143 956 1189 984 De
1221 956 1308 985 surdo
1340 962 1368 985 et

983 1008 1071 1031 muto.

942 1191 976 1218 X.
1001 1190 1140 1219 Misertus
1153 1192 1302 1220 turbarum
1315 1192 1365 1219 do-

982 1238 1086 1272 minus,
1104 1238 1259 1267 duodecim
1281 1239 1365 1267 disci-

981 1285 1066 1321 pulos
1108 1286 1263 1322 praemittit
1298 1295 1365 1314 cum

981 1337 1122 1368 potestate
1165 1338 1192 1360 et
1236 1332 1365 1361 doctrina

979 1383 1025 1406 ele.

935 2174 987 2202 XI.
1004 2174 1127 2203 Ioannes
1143 2174 1178 2201 de
1193 2183 1306 2202 carcere
1321 2174 1357 2202 ad

975 2222 1073 2249 Iesum
1102 2222 1194 2255 mittit,
1221 2226 1247 2248 et
1277 2221 1357 2249 Iesus

975 2269 1010 2296 de
1040 2269 1150 2296 Ioanne
1187 2267 1224 2295 ad
1260 2268 1357 2296 turbas

975 2315 1108 2352 loquitur.
1152 2315 1227 2342 Item
1245 2314 1356 2343 confes-

974 2363 1016 2390 sio
1033 2362 1099 2390 Iesu
1115 2361 1151 2389 ad
1166 2367 1286 2398 patrem.

1785 261 1841 289 681

1512 349 1631 373 [tabanus
1648 351 1765 374 Maurus.

1423 490 1475 519 IX.
1503 490 1591 520 Sanat
1614 492 1694 520 Iesus
1716 493 1848 530 paralyti-

1464 547 1540 573 cum,
1566 539 1715 567 mulierem
1741 549 1757 567 a
1782 549 1847 577 pro·

1465 585 1552 613 fluuio
1570 586 1726 622 sanguinis.
1753 586 1848 615 erat

1466 631 1656 667 Matthaeum‚
1676 633 1795 661 suscitat
1815 634 1847 661 fi-

1464 679 1529 706 liam
1546 679 1776 717 archisynagogi,
1788 684 1833 708 elc.

1419 1188 1454 1216 X.
1488 1189 1650 1217 Duodecim
1693 1190 1843 1227 apostolos

1460 1236 1622 1272 praemittit,
1654 1246 1720 1265 cum
1748 1243 1843 1274 potes-

1459 1288 1516 1311 tate
1558 1284 1679 1312 sanandi
1723 1294 1842 1312 omnem

1458 1330 1637 1367 languorem,
1685 1336 1713 1359 et
1763 1332 1842 1360 omni

1459 1377 1598 1412 doctrina,
1622 1383 1648 1406 et
1673 1379 1752 1415 quod
1782 1388 1841 1407 non

1458 1425 1567 1452 uenerit
1592 1435 1694 1462 pacem
1722 1426 1841 1459 mittere,

1459 1472 1510 1500 sed
1528 1472 1662 1509 gIadium,
1679 1477 1724 1500 ele.

1411 2177 1462 2205 XI.
1480 2178 1561 2206 Iesus
1571 2178 1669 2215 legatis
1680 2179 1717 2206 ab
1724 2178 1834 2207 Ioanne

1451 2226 1545 2253 missis
1558 2226 1723 2262 respondet,
1734 2225 1769 2253 de
1784 2235 1833 2254 eo-

1450 2282 1506 2309 que
1530 2273 1628 2301 turbas
1652 2272 1736 2301 docet
1750 2283 1755 2300 :
1790 2273 1832 2300 in-

1450 2326 1550 2357 crepat
1587 2320 1715 2348 ciuitates
1759 2329 1832 2356 quae

1450 2367 1566 2395 eredere
1578 2367 1737 2395 noluerunt.
1757 2366 1832 2395 Con-

1450 2414 1534 2442 fessio
1546 2414 1607 2442 eius
1620 2414 1656 2442 ad
1669 2413 1792 2447 Patrem,
1804 2419 1831 2442 et

1451 2460 1486 2488 de
1501 2461 1563 2488 eius
1578 2461 1646 2497 iugo
1662 2460 1751 2494 suaui,
1766 2464 1812 2488 etc.
