2209 3147
445 641 542 679 CAP.
577 641 604 678 Ι.
662 639 736 677 DE
775 639 1092 677 CODICIBUS
1132 639 1382 678 GRAECIS
1429 639 1645 686 QUIBUS

578 734 618 772 S.
664 733 1058 771 HIERONYMUS
1102 733 1249 771 USUS
1294 733 1513 771 FUERIT.

337 878 394 909 UT
422 879 581 909 lectorum
610 878 839 909 commoditati
868 877 1085 914 consulamUS,
1114 888 1163 908 res
1196 878 1386 918 praecipuas
1418 880 1478 909 sub
1511 879 1572 910 hac
1604 879 1795 919 quaestione

292 935 450 961 tractatas
474 931 525 960 hic
549 931 740 961 summatim
764 930 947 960 referemus.

336 1008 430 1038 PARS
464 1008 488 1037 I.
531 1007 696 1047 Imprimis
727 1007 826 1046 ipsius
857 1006 1051 1046 Hieronymi
1083 1007 1288 1046 propositum
1321 1009 1511 1048 praesertim
1546 1009 1576 1038 in
1606 1008 1796 1047 Euangeliis

292 1059 508 1090 emendandis
528 1059 742 1089 declaramus.
791 1058 856 1098 Qui
877 1059 908 1088 in
929 1058 990 1089 hoc
1013 1068 1110 1098 opere
1127 1069 1145 1088 a
1164 1059 1370 1089 uersionibus
1392 1060 1519 1090 Latinis
1539 1065 1616 1091 tunc
1638 1060 1796 1100 temporis

292 1111 437 1150 uulgatis
465 1121 611 1147 exorsus,
636 1111 808 1151 praecipue
832 1110 874 1141 ab
899 1110 952 1140 illa
978 1110 1081 1140 forma
1105 1120 1189 1149 quae
1214 1111 1244 1140 in
1269 1112 1379 1141 codice
1408 1112 1566 1142 Brixiano
1593 1111 1664 1153 (f)
1692 1116 1798 1149 extat,

291 1163 332 1193 ad
366 1162 525 1193 Graecam
559 1163 731 1193 ueritatem
763 1168 892 1193 tantum
925 1162 1086 1201 corrigere
1118 1162 1252 1192 uolebat
1280 1173 1353 1193 cum
1387 1174 1499 1194 sensus
1531 1164 1711 1204 postularet
1743 1164 1795 1194 uel

292 1215 337 1245 ita
362 1215 470 1245 Latini
491 1218 591 1245 testes
616 1215 788 1249 uarialent,
810 1220 844 1245 ut
869 1215 950 1244 inter
973 1224 1029 1244 eos
1053 1224 1184 1244 necesse
1204 1215 1451 1245 diiudicandum
1476 1221 1570 1247 esset.
1588 1216 1639 1246 uel
1661 1216 1795 1253 scribae,

291 1267 379 1305 quod
404 1267 516 1297 deesse
541 1267 571 1296 in
595 1267 712 1306 quouis
736 1267 908 1306 euangelio
932 1267 1123 1302 credebant,
1146 1276 1189 1296 ex
1213 1266 1277 1296 alio
1302 1267 1515 1298 addidissent.

336 1344 431 1374 PARS
458 1344 501 1374 II.
532 1344 569 1373 In
589 1344 652 1374 hoc
672 1345 880 1375 correctionis
901 1354 999 1383 opere
1020 1353 1103 1383 quos
1124 1348 1155 1373 et
1176 1344 1289 1383 quales
1310 1344 1441 1375 codices
1462 1344 1605 1375 Graecos
1622 1345 1795 1376 adhibuit?

293 1395 381 1427 Huic
402 1396 583 1435 quaestioni
608 1397 863 1436 respondemus:

336 1462 382 1506 (Ι)
406 1458 533 1495 collatis
556 1474 640 1504 quae
665 1464 734 1504 ipse
757 1465 923 1505 scripserit
947 1464 988 1494 de
1012 1464 1091 1494 locis
1116 1464 1351 1495 difficilioribus
1376 1465 1427 1494 uel
1452 1465 1721 1496 eminentioribus

420 1522 468 1566 (a)
492 1525 523 1554 in
547 1525 788 1555 commentariis
812 1526 854 1555 ad
880 1525 912 1556 S.
936 1525 1143 1562 Mattheum3

419 1583 464 1626 (b)
491 1585 521 1614 in
546 1586 792 1616 commentariis
815 1586 856 1616 ad
878 1585 958 1615 alios
979 1585 1013 1616 S.
1033 1585 1222 1625 Scripturae
1242 1584 1341 1615 libros
1361 1590 1393 1616 et
1414 1585 1445 1615 in
1466 1586 1580 1616 ceteris
1599 1586 1795 1617 tractatibus

529 1637 584 1667 ubi
611 1637 794 1677 Euangelia
818 1638 898 1667 citat
924 1634 1016 1678 [uide
1040 1636 1170 1667 tabulas
1196 1637 1219 1673 I,
1245 1635 1305 1679 ΙΙ]

334 1704 381 1746 (2)
405 1705 582 1735 scrutando
599 1710 730 1735 textum
748 1705 803 1744 qui
821 1706 852 1735 in
872 1705 1129 1745 Euangeliorum
1148 1705 1292 1735 editione
1309 1705 1377 1736 sine
1393 1705 1495 1736 dubio
1515 1706 1794 1746 Hieronymianus

291 1762 339 1787 est
366 1754 456 1798 [uide
476 1756 605 1787 tabulas
631 1755 785 1799 III-VI]
833 1757 980 1796 Utraque
1004 1767 1046 1787 ex
1071 1762 1165 1797 parte
1187 1757 1303 1787 eadem
1328 1757 1393 1787 sere
1418 1757 1609 1798 colligimus.
1657 1758 1793 1798 Duplex

291 1808 414 1839 scilicet
433 1809 583 1839 codicum
605 1808 804 1839 Graecorum
825 1809 876 1839 uel
897 1808 1012 1839 saltem
1034 1809 1213 1839 lectionum
1237 1808 1435 1839 Graecarum
1459 1820 1562 1850 genus
1587 1810 1617 1840 in
1644 1811 1793 1840 manibus

293 1860 488 1900 Hieronymi
512 1861 609 1891 fuisse
632 1861 803 1896 credimus,
823 1861 960 1891 alterum
983 1862 1072 1900 quod
1095 1861 1137 1891 ab
1159 1861 1311 1891 omnibus
1334 1861 1397 1891 iam
1418 1862 1609 1892 extantibus
1628 1862 1793 1893 codicibus

291 1912 462 1951 discrepat,
481 1912 620 1942 alterum
645 1913 734 1952 quod
759 1923 832 1943 cum
857 1913 980 1942 familia
1005 1912 1092 1943 &BL
1117 1913 1304 1943 concordat,

334 1970 395 2013 (A)
421 1972 566 2002 Primum
592 1983 695 2012 genus
718 1979 855 2013 apparet
879 1973 998 2012 partim
1024 1973 1055 2002 in
1080 1973 1321 2003 commentariis
1345 1983 1429 2012 quos
1453 1973 1484 2003 in
1504 1974 1568 2004 tab.
1591 1974 1624 2004 ΙΙ
1646 1975 1792 2013 citamus,

291 2025 347 2054 sed
380 2024 498 2054 clarius
530 2024 560 2054 in
594 2024 789 2055 lectionibus
821 2026 908 2065 ipsis,
934 2025 988 2055 ubi
1017 2030 1144 2055 ueteres
1172 2025 1309 2055 Latinos
1337 2026 1477 2056 correxit
1509 2032 1622 2056 contra
1653 2028 1794 2057 auctori-

290 2080 394 2106 tatem
416 2076 563 2105 omnium
589 2077 739 2107 codicum
762 2076 960 2107 Graecorum
985 2077 1079 2107 nobis
1102 2077 1165 2107 iam
1188 2077 1394 2115 cognitorum
1420 2075 1510 2119 [uide
1532 2078 1679 2108 tabulam
1704 2078 1792 2118 111];

291 2128 347 2157 sed
390 2133 422 2158 et
466 2127 552 2157 idem
591 2129 743 2167 quamuis
786 2129 891 2158 minus
933 2128 1018 2158 clare
1061 2129 1273 2168 perspicimus
1316 2128 1371 2158 ubi
1411 2134 1523 2159 contra
1562 2131 1791 2161 auctoritatem

292 2178 454 2209 Graecam
480 2179 617 2210 Latinos
642 2185 740 2210 testes
764 2185 820 2210 aut
846 2190 960 2210 omnes
983 2185 1040 2210 aut
1064 2180 1189 2219 aliquot
1214 2180 1370 2219 sequitur,
1394 2191 1421 2210 e.
1432 2191 1462 2220 g.
1489 2181 1519 2210 in
1546 2181 1642 2211 Matt.
1664 2182 1725 2211 viii.
1751 2191 1792 2221 30

291 2231 346 2261 ubi
371 2231 449 2271 legit
473 2242 540 2261 non
563 2235 662 2267 longe
687 2237 799 2261 contra
825 2232 986 2262 Graecum
1012 2231 1128 2270 μακράν
1154 2230 1244 2274 [uide
1269 2232 1416 2262 tabulam
1444 2229 1516 2273 IV].
1565 2233 1663 2263 Tales
1691 2234 1790 2264 etiam

291 2283 446 2313 lectiones
471 2283 502 2312 in
528 2283 642 2313 ceteris
667 2284 908 2314 commentariis
932 2289 964 2314 et
989 2284 1182 2314 tractatibus
1206 2288 1335 2323 praesto
1359 2289 1443 2314 sunt.

333 2333 387 2375 (B)
420 2334 610 2365 Secundum
633 2345 735 2375 genus
760 2335 945 2372 lectionum,
970 2336 1057 2375 quod
1083 2346 1157 2366 cum
1183 2335 1305 2366 familia
1330 2335 1455 2366 Graeca
1484 2336 1571 2367 &BL
1595 2341 1628 2367 et
1651 2338 1791 2368 subinde

290 2397 364 2416 cum
391 2386 421 2416 D
447 2387 632 2422 concordat,
655 2387 751 2417 uariis
776 2388 883 2417 modis
907 2388 1100 2427 perspicitur

334 2437 370 2479 (i)
401 2438 520 2478 partim
556 2449 599 2468 ex
635 2439 879 2469 commentariis
915 2439 946 2469 in
981 2439 1167 2469 Mattheum
1203 2437 1329 2482 [tabula
1364 2437 1392 2481 Ι]
1428 2445 1459 2470 et
1493 2440 1563 2470 aliis
1598 2441 1789 2471 tractatibus

291 2488 370 2532 [tab.
398 2487 467 2531 II];

334 2540 382 2582 (ii)
425 2552 467 2572 ex
500 2542 699 2572 correctione
734 2542 996 2582 Hieronymiana
1027 2543 1058 2573 in
1092 2542 1348 2583 Euangeliorum
1381 2543 1531 2574 editione.
1589 2544 1685 2575 Pauci
1713 2551 1789 2576 sunt

289 2594 351 2623 loci
383 2594 438 2624 ubi
468 2594 605 2624 Latinos
637 2604 751 2624 omnes
783 2595 923 2632 deserat,
949 2596 1005 2625 sed
1038 2595 1117 2625 satis
1149 2595 1242 2625 multi
1270 2601 1303 2626 et
1334 2595 1520 2626 satis.cla1·1’
1549 2601 1584 2626 ut
1612 2597 1788 2628 ostendant

289 2645 479 2676 societatem
503 2645 679 2676 lectionum
703 2647 744 2676 ab
768 2647 838 2686 ipso
862 2646 1074 2686 probatarum
1098 2657 1171 2677 cum
1196 2647 1317 2677 familia
1339 2647 1425 2678 &BL
1446 2644 1537 2688 [uide
1553 2649 1701 2679 tabulam
1719 2647 1787 2691 V];

1512 2707 1572 2737 4Q
