2209 3147
413 328 516 358 DEPGQ
528 336 585 350 aur.
598 335 617 350 c.

267 375 302 402 V.
340 374 409 402 Iecit
446 375 481 402 de
518 373 627 410 templo
660 381 762 400 ornnes

306 421 474 449 Uendentes
489 420 524 448 ΠΤ
534 425 562 448 et
577 419 645 447 dixit
660 419 763 447 domus

306 477 370 496 mea
393 468 497 496 domus
519 466 656 495 orationis
676 475 762 494 uoca-

306 515 388 542 bitur.

265 608 316 635 VI.
340 607 399 642 Qui
414 616 474 635 non
494 611 610 635 renatus
625 606 707 634 fuerit
727 605 762 633 de

305 663 384 682 nouo
407 663 465 682 non
492 658 586 691 potest
609 654 712 681 intrare
734 653 763 680 in

306 710 428 737 regnum
443 700 478 728 di.

265 887 333 916 VII.
356 887 413 915 Ubi
429 887 566 915 babtitzat
583 886 627 914 ihs
645 892 673 914 et
693 886 763 914 dixit

305 934 438 963 iohannis
459 933 604 971 discipulis
625 943 680 970 ego
703 943 762 961 non

307 990 370 1009 sum
387 983 450 1017 xps.

266 1214 349 1243 VIII.
373 1215 430 1243 Ubi
451 1215 568 1243 secessit
588 1214 630 1242 ihs
651 1223 667 1242 a
682 1214 764 1242 iudea

307 1268 334 1291 et
348 1263 427 1290 uenit
442 1263 470 1290 in
485 1262 645 1289 samariam.

269 1355 366 1383 VIIII.
389 1355 434 1383 De
452 1355 570 1383 muliere
591 1355 764 1383 samaritana

307 1404 385 1431 iuxta
399 1408 517 1439 puteum
533 1402 566 1430 ΠΤ
577 1407 604 1430 et
620 1402 764 1438 discipulis

307 1450 364 1478 suis
387 1450 457 1477 dixit
479 1449 536 1477 Alii
562 1449 763 1477 laborauerunt

307 1502 334 1525 et
365 1505 418 1525 uos
452 1497 481 1523 in
516 1496 628 1523 labores
663 1504 764 1524 eorum

308 1543 452 1571 introistis.

267 1590 302 1618 X.
326 1589 429 1618 Omnis
445 1589 557 1626 profeta
573 1589 633 1616 sine
654 1588 764 1616 honore

308 1638 336 1664 in
352 1637 443 1674 patria
459 1645 517 1664 sua.

270 1683 325 1711 Ubi
342 1684 429 1711 filium
446 1682 536 1719 reguli
553 1682 672 1710 sanauit.

269 1824 319 1851 XI.
345 1824 378 1851 In
394 1824 505 1861 porticu
522 1823 685 1851 salamonis.
719 1822 766 1850 Ad

302 1939 331 1962 V.
353 1946 369 1962 ψ
379 1939 445 1962 etad
455 1939 512 1961 init.
522 1938 574 1961 rell.
604 1940 670 1961 iecit
679 1944 696 1961 ÷
705 1938 767 1961 iesus

268 1971 321 1995 rell.
350 1979 395 1994 om.
406 1973 440 1994 de
448 1973 552 1998 templo
561 1970 591 1994 G.
616 1979 662 1994 om.
672 1978 767 1994 omnes

268 2012 325 2027 aur.
344 2004 406 2027 dixit
415 2004 502 2026 domus
511 2003 627 2027 orationis
636 2007 670 2027 est
679 2003 767 2027 domus

270 2037 353 2067 (>do.
368 2040 403 2060 est
417 2036 450 2064 G)
465 2036 541 2067 patris
553 2036 601 2060 mei
615 2036 667 2060 rell.

301 2069 346 2092 VI.
372 2069 440 2093 ÷ubi
461 2069 520 2092 dicit
541 2069 575 2091 ad
590 2069 648 2092 init.
667 2069 697 2092 G.
733 2070 766 2091 de

269 2109 357 2125 nouo:
381 2110 426 2125 om.
446 2102 476 2125 G.
495 2109 559 2130 αιινς
589 2108 644 2124 ÷ex
662 2109 726 2132 aqua
743 2104 766 2124 et

268 2135 356 2165 spiritu
380 2138 464 2157 saneto
487 2134 539 2157 rell.
560 2134 615 2164 (om.
633 2138 718 2157 sancto
736 2136 766 2157 cI.

268 2170 361 2195 potest
373 2169 492 2190 intrare:
512 2167 611 2189 intrabit
628 2167 680 2190 rell.
716 2170 766 2197 cap.

270 2200 305 2223 VI
315 2203 369 2230 post
380 2203 430 2230 cap.
445 2199 494 2222 VII
502 2199 576 2230 ponit
589 2199 619 2223 G.

303 2232 359 2255 VII.
379 2232 537 2262 baptizabant
546 2231 662 2255 iohannes
671 2235 695 2255 et
705 2233 767 2255 iesus

269 2273 326 2288 aur.
364 2269 442 2291 >non
455 2272 507 2287 sum
521 2272 567 2294 ego
579 2272 635 2288 altr.
649 2273 667 2289 ι’.

302 2297 376 2320 VIII.
395 2299 460 2320 ubi:
479 2301 502 2320 et
515 2305 571 2320 aur.

303 2330 390 2354 VIIII.
410 2330 457 2352 inc.
476 2329 561 2353 sedens
579 2337 650 2360 super
668 2333 767 2360 puteum

271 2364 378 2391 &iesus
398 2370 453 2385 am:
472 2371 493 2385 c=
519 2362 646 2385 mulierem
668 2363 768 2385 samari-

270 2399 353 2419 tanam
367 2395 427 2426 petit
440 2395 520 2418 bibere
534 2395 586 2418 rell.
608 2394 696 2421 >dicit
708 2395 768 2418 disc.

270 2428 319 2451 suis
332 2428 384 2458 EPQ
396 2436 452 2450 aur.
465 2436 475 2450 c
488 2435 544 2457 tom.
558 2427 607 2450 suis
619 2435 676 2450 aur.
689 2427 719 2455 c).
739 2429 768 2450 in

268 2462 378 2484 labores
405 2468 501 2483 eorum
523 2468 568 2483 mn.
593 2460 623 2483 G.
659 2460 768 2483 laborem

269 2494 322 2524 ΕΩ
356 2501 413 2516 aar.
459 2500 570 2516 eorum:
603 2492 711 2522 ipsorum
747 2493 769 2523 Q

271 2534 326 2549 aur.
339 2534 357 2549 c.

303 2558 334 2581 X.
361 2565 377 2582 ψ
387 2562 409 2581 et
422 2558 480 2581 dicit
493 2558 527 2581 ad
536 2558 593 2580 init.
608 2557 637 2581 G.
664 2559 768 2580 honore

278 2595 339 2615 ÷est
351 2591 404 2614 rell.
434 2598 498 2614 sua:
517 2594 551 2614 est
564 2590 594 2620 Q.
624 2592 688 2613 ubi:
709 2594 731 2613 et
746 2590 768 2613 G

272 2632 326 2647 aur.
339 2632 357 2647 c.
393 2625 497 2650 reguli:
517 2623 579 2653 regis
592 2631 608 2645 c.

791 241 975 271 SECUND
982 242 1052 269 (VM
1070 241 1181 270 IOHA
1187 242 1334 271 NNEM.

978 325 995 347 J
1008 324 1149 355 (capitula).

816 370 886 398 1111.
906 370 964 398 Ubi
973 371 1037 398 eicit
1047 371 1082 398 de
1092 371 1200 408 templo
1211 380 1312 399 omnes

855 417 1013 444 uendentes
1029 422 1056 444 et
1072 423 1202 446 ementes
1222 423 1249 446 et
1265 427 1313 446 aes

855 463 962 491 effudit.

815 603 851 630 V.
882 603 940 631 Ubi
968 603 1147 632 Nicodemus
1173 604 1251 632 uenit
1276 603 1314 631 ad

856 649 952 678 Iesum
963 655 989 678 et
1000 650 1068 678 dicit
1077 650 1102 678 ei
1112 650 1194 679 Iesus
1203 650 1313 678 renasci

856 697 1014 725 hominem.

815 743 868 772 VI.
890 743 935 771 De
948 752 983 771 eo
996 743 1075 780 quod
1087 752 1174 772 nemo
1186 743 1315 771 ascendit

856 790 885 817 in
908 789 1029 818 caelum.
1072 790 1109 818 Et
1138 789 1173 818 de
1200 799 1235 818 eo
1265 791 1314 826 qui

856 837 943 865 credit
965 841 992 864 et
1014 846 1073 865 non
1095 836 1239 865 credente.

815 929 883 957 VII.
915 929 972 957 Ubi
1001 929 1148 958 Iohannes
1181 930 1314 967 baptizat.

855 976 892 1004 Et
908 976 942 1004 de
958 976 1165 1013 purificatione.
1208 977 1246 1004 Et
1267 978 1315 1004 ubi

855 1023 1052 1051 testimonium
1086 1023 1152 1051 dicit
1183 1023 1218 1052 de
1250 1024 1315 1052 Iesu

856 1071 923 1107 quia
939 1070 974 1098 de
989 1069 1070 1098 caelo
1086 1070 1173 1098 uenit.

817 1210 899 1237 VIII.
922 1210 978 1238 Ubi
991 1211 1070 1238 Iesus
1083 1210 1208 1247 baptizat
1220 1215 1248 1238 et
1260 1211 1315 1238 dis-

858 1258 943 1294 cipuli
960 1258 1029 1285 eius.

816 1350 853 1378 Et
869 1351 903 1379 de
919 1351 1037 1379 muliere
1053 1351 1235 1379 samaritana.

817 1583 916 1612 VIIII.
942 1583 999 1612 Ubi
1016 1584 1083 1612 dicit
1095 1584 1163 1621 quia
1175 1584 1317 1621 propheta

859 1631 887 1657 in
909 1631 1000 1667 patria
1019 1640 1070 1658 sua
1090 1631 1233 1659 honorem
1257 1640 1316 1659 non

859 1677 953 1705 habet.

819 1724 856 1752 Et
873 1725 907 1752 de
923 1724 981 1753 filio
998 1724 1094 1761 reguli.

820 1818 855 1846 X.
879 1818 924 1846 De
940 1818 1049 1855 piscina
1062 1818 1220 1853 natatoria3
1243 1824 1270 1846 et
1283 1818 1318 1846 de

1795 247 1857 279 495

1424 326 1448 350 K
1458 327 1534 350 lsarl.
1550 332 1612 357 2790
1622 327 1703 349 Nanc.
1714 327 1802 349 Bamb.

1365 371 1400 399 V.
1422 372 1480 399 Ubi
1503 373 1660 400 uendentes
1683 377 1710 399 et
1733 377 1860 400 ementes

1406 419 1513 456 templo
1534 419 1612 455 pellit
1627 428 1659 446 ac
1675 418 1743 446 dicit
1761 419 1860 446 soluite

1405 465 1553 502 templum.

1365 605 1416 633 VI.
1438 605 1483 633 De
1494 605 1651 634 nichodimi
1661 605 1860 633 conuersione.

1368 928 1434 956 VII.
1458 928 1515 955 Ubi
1528 928 1675 956 Iohannes
1691 928 1816 964 baptizat
1831 936 1864 954 ac

1409 975 1475 1003 dicit
1491 984 1550 1003 non
1566 984 1630 1003 sum
1647 984 1702 1011 ego
1718 977 1780 1011 xps.

1369 1351 1452 1378 VIII.
1475 1350 1518 1378 De
1535 1350 1650 1378 muliere
1666 1350 1847 1378 samaritana.

1369 1586 1468 1615 VIIII.
1492 1586 1550 1614 Ubi
1577 1586 1631 1614 dfis
1654 1586 1721 1614 dicit
1742 1585 1868 1622 propbe—

1411 1638 1470 1661 tam
1500 1633 1559 1661 sine
1585 1633 1695 1661 honore
1721 1632 1867 1668 filiumque

1410 1680 1497 1717 reguli
1513 1680 1612 1709 saluat.

1371 1821 1407 1848 X.
1430 1820 1474 1848 De
1494 1820 1643 1848 bethsaida
1665 1820 1774 1857 piscina
1794 1819 1869 1846 infir·

1404 1940 1434 1963 V.
1452 1944 1606 1970 ementesque
1618 1939 1695 1962 Harl.
1709 1940 1789 1962 iVanc.

1404 1973 1448 1997 VI.
1463 1972 1580 1996 nicodimi
1593 1973 1673 1995 lVani‘.
1684 1972 1772 1995 Bamh.

1404 2005 1434 2029 X.
1454 2006 1548 2029 betzeta
1561 2005 1637 2028 Harl.
