2209 3147
371 244 434 282 690

661 337 721 361 I‘ar.
734 338 792 361 Lat.
805 337 836 360 6⁴.
1150 341 1152 363 V

371 1039 525 1081 [LXXII].
549 1041 641 1069 LXX.
665 1041 714 1069 Ihs
733 1041 762 1068 in
782 1051 854 1069 cena
875 1042 941 1070 dicit
962 1051 1037 1071 unus
1057 1052 1122 1071 ues-

412 1094 484 1117 trum
501 1098 548 1117 me
564 1088 655 1116 tradet
669 1095 697 1116 et
712 1088 748 1116 de
763 1095 908 1118 sacramto
924 1098 1005 1118 cene.
1148 1094 1149 1103 ¹

371 1180 542 1222 [LXXIII]
573 1182 666 1210 LXX.
688 1183 705 1211 i.
745 1182 794 1211 Ihs
816 1189 899 1220 petro
922 1183 989 1212 dicit
1011 1189 1054 1212 ter
1076 1194 1122 1212 me

411 1230 553 1267 negabis.
570 1236 597 1257 et
619 1230 707 1257 tercio
730 1238 817 1257 orans
839 1231 877 1258 ait
897 1253 902 1258 .
924 1231 1040 1267 spiritus
1063 1232 1123 1269 qui-

411 1276 477 1304 dem
504 1283 655 1314 promptus
674 1298 680 1304 .
700 1282 728 1304 et
754 1276 789 1305 de
814 1283 874 1306 tota
899 1278 959 1306 eius
985 1279 1122 1315 passione

411 1324 471 1352 siue
485 1325 637 1361 baptismo.

370 1368 556 1410 [LXXHH]
581 1370 705 1399 LXXII.
728 1370 774 1399 De
795 1372 1010 1400 resurreccione
1030 1372 1080 1400 ihu
1095 1378 1123 1401 et

411 1418 446 1446 de
462 1418 604 1456 preceptis
619 1419 681 1446 eius
696 1440 702 1446 .
718 1425 746 1446 et
761 1419 899 1447 doctrina„

622 1486 764 1518 Expliciunt
778 1486 869 1510 breues.

404 2566 483 2590 LXX.
502 2571 638 2591 sacramto
650 2568 685 2590 sic
696 2568 774 2592 codex.

1023 244 1264 274 EPILOGUS.

1471 339 1548 362 Harl.
1563 345 1634 370 ²790-

1219 386 1370 414 scariotem
1386 385 1554 414 traditurum
1569 386 1705 416 ostendit.

1177 1039 1335 1069 LXXIIII.
1360 1040 1533 1078 Mysterium
1549 1043 1695 1072 dominice
1711 1054 1809 1074 caene.

1177 1188 1298 1216 LXXV.
1330 1189 1460 1227 Eiusque
1485 1191 1523 1218 ad
1546 1196 1659 1228 patrem
1685 1193 1777 1221 oratio
1803 1192 1839 1221 de
1862 1193 1931 1221 iuda

1217 1237 1351 1265 traditore
1366 1241 1394 1265 et
1408 1238 1480 1274 petri
1496 1238 1703 1275 negotiatione.

1176 1330 1315 1358 LXXVI.
1358 1332 1404 1360 Ad
1440 1331 1573 1360 ultimum
1609 1332 1730 1370 pilatum
1766 1334 1884 1362 traditur
1913 1343 1931 1362 a

1217 1379 1325 1406 iudaeis
1348 1385 1375 1407 et
1398 1379 1433 1407 de
1459 1381 1703 1417 consequentibus
1727 1381 1838 1410 dudum
1864 1390 1930 1418 pre-

1217 1426 1307 1453 dictis.

1176 1566 1330 1595 LXXVII.
1347 1567 1404 1595 Ubi
1420 1577 1572 1605 resurgens
1584 1568 1639 1597 dfis
1654 1578 1671 1597 a
1685 1569 1807 1598 mortuis
1819 1570 1930 1598 mariae

1216 1615 1349 1651 apparuit
1371 1620 1398 1643 et
1419 1615 1613 1644 confinctione
1637 1616 1806 1644 iudaeorum
1831 1617 1929 1645 dicen-

1216 1663 1287 1690 tium
1315 1671 1421 1699 corpus
1449 1662 1510 1691 eius
1537 1662 1637 1691 fuisset
1665 1663 1790 1692 furatum
1819 1669 1847 1693 et
1878 1664 1928 1692 ubi

1216 1709 1352 1737 omnibus
1382 1709 1529 1746 discipulis
1564 1710 1699 1747 apparuit
1734 1711 1870 1749 iubetque
1898 1711 1928 1739 in

1216 1757 1335 1785 nomine
1364 1757 1453 1793 patris
1481 1763 1509 1786 et
1538 1757 1586 1785 filii
1618 1763 1647 1786 et
1675 1760 1725 1795 sps
1754 1759 1795 1787 sci
1824 1767 1929 1788 omnes

1216 1810 1318 1841 gentes
1339 1803 1457 1832 feliciter
1478 1805 1625 1842 baptizari.

1515 1869 1590 1902 Expi-

1209 2564 1322 2587 LXXIII
1333 2567 1356 2587 et
1368 2563 1486 2586 LXXVI.
1505 2562 1586 2586 tradit'
1599 2562 1676 2586 codex.

1210 2603 1313 2627 LXXV.
1330 2604 1523 2630 negotiatione
1535 2601 1570 2624 sic
1581 2600 1659 2625 codex.

1209 2642 1340 2665 LXXVII.
1358 2643 1507 2669 iubetque:
1526 2647 1581 2668 que
1592 2643 1645 2671 sup.
1656 2639 1704 2663 lin.
1717 2646 1762 2663 scr.
