2258 3157
437 249 478 281 32

687 325 791 348 AUVY.

441 371 503 400 LX.
526 371 635 399 Dicens
664 371 807 407 quosdam
837 379 897 398 non
927 371 1040 399 uisuros

481 424 604 447 mortem
626 418 720 446 donec
741 418 858 445 uideant
873 426 939 445 eum
961 418 1041 445 ueni-

481 471 577 494 entem
614 465 643 492 in
680 474 779 501 regno,
817 473 885 493 mox
922 464 1040 493 refertur

482 513 699 549 transfiguratus
714 512 742 539 in
759 517 865 540 monte.

442 797 519 825 LXI.
542 797 666 825 Puerum
700 797 857 826 lunaticum
894 803 984 830 curat,
1014 803 1042 826 et

483 845 630 882 discipulis
659 844 695 872 de
725 854 777 873 sua
814 845 1041 882 impossibilitate

481 892 685 928 quaerentibus
708 892 746 920 ait
768 901 860 929 genus
884 892 953 920 illud
977 901 1041 920 ora-

481 939 558 967 tione
573 939 736 976 ieiunioque
751 939 926 976 pellendum.

441 1080 535 1108 LXII.
558 1080 714 1109 Tributum
734 1081 843 1109 caesari
863 1086 997 1108 staterem
1014 1081 1042 1107 in

481 1137 531 1157 ore
547 1128 632 1165 piscis
647 1128 796 1156 inuentum
812 1128 871 1156 dari
888 1128 1041 1165 praecepit,

480 1180 509 1203 et
523 1184 590 1203 eum
606 1175 745 1203 maiorem
762 1175 887 1203 futurum
903 1175 951 1211 qui
967 1184 996 1202 se
1012 1180 1043 1202 ut

481 1222 617 1260 paruulus
646 1222 837 1250 humiliauerit
866 1222 975 1250 docens
1004 1222 1043 1249 ait

481 1279 536 1298 nec
558 1270 709 1297 minimum
733 1269 999 1303 scandalizandum,
1016 1273 1043 1297 et

481 1317 549 1345 item
586 1317 785 1345 membrorum
821 1317 939 1345 nomine
975 1316 1043 1344 uitia

481 1364 527 1391 uel
566 1373 650 1392 caros
686 1363 859 1392 incurabiles
896 1364 1043 1400 praecepit

482 1411 683 1439 abscidendos.

443 1599 554 1628 LXIII.
576 1599 622 1627 De
651 1609 706 1627 oue
736 1609 856 1628 erronea
879 1605 906 1627 et
927 1608 1042 1636 correp-

483 1648 561 1676 tione
576 1647 668 1675 fratris
683 1647 837 1675 enuntians
855 1652 883 1675 et
898 1647 1042 1675 consenti-

486 1695 599 1723 entibus
612 1694 680 1722 dicit
693 1699 773 1722 orata
783 1695 920 1731 praestari
936 1699 963 1722 et
975 1703 1043 1731 pec-

484 1743 561 1770 canti
587 1742 751 1779 septuagies
774 1742 878 1778 septies
900 1743 978 1770 iubet
1000 1742 1044 1778 ig-

486 1789 576 1824 nosci,
617 1789 745 1817 adhibita
788 1789 927 1825 parabola
971 1789 1044 1817 serui

485 1837 621 1865 debitoris
661 1836 709 1874 qui
750 1841 856 1873 negata
900 1845 1044 1864 conseruo

484 1884 667 1912 miseratione
683 1883 844 1911 damnatur.

444 1931 571 1960 LXIIII.
595 1930 671 1959 Cum
686 1931 827 1959 rationem
843 1930 878 1958 (Ie
894 1931 989 1959 libello
1005 1940 1045 1958 re-

486 1978 565 2016 pudii
591 1978 778 2006 temtantibus
805 1977 972 2006 reddidisset
994 1978 1045 2006 tria

485 2035 548 2054 esse
563 2035 671 2063 genera
687 2025 784 2053 docuit
801 2025 1009 2053 eunuchorum.

447 2073 538 2101 LXV.
561 2073 711 2110 Praecepit
727 2072 839 2100 oblatos
856 2072 908 2100 sibi
930 2073 1047 2100 benedi-

487 2120 596 2149 cendos
611 2119 750 2157 paruulos
766 2129 825 2147 non
842 2119 946 2156 repelli.

450 2167 557 2196 LXVI.
581 2166 716 2195 Secunda
732 2166 842 2194 domini
862 2167 1049 2203 responsione

489 2215 576 2242 diuite
598 2214 779 2246 contristato,
796 2214 1050 2241 contemnentibus

491 2267 610 2298 propter
636 2270 666 2289 se
692 2260 862 2298 temporalia
884 2260 1050 2297 centuplum

488 2314 516 2336 et
531 2309 621 2336 uitam
636 2308 774 2345 promittit
790 2313 945 2336 aeternam.

448 2355 571 2383 LXVII.
585 2355 725 2383 Parabola
736 2355 770 2383 de
782 2355 919 2391 operariis
930 2355 957 2381 in
969 2354 1053 2382 uinea

490 2407 621 2439 tempore
634 2402 749 2430 diuerso
760 2402 911 2430 conductis
926 2401 1052 2429 adhibita

491 2459 579 2477 unam
595 2459 753 2487 paremque
766 2449 832 2477 dicit
842 2457 893 2477 eos
905 2449 1052 2486 accepisse

492 2497 666 2524 mercedem.

486 2571 566 2594 LXII.
586 2571 707 2601 praecipit
724 2571 808 2593 Thoan.
823 2571 865 2593 his.

488 2604 582 2627 LXIII.
594 2604 749 2627 consentibus
759 2604 789 2632 Y,
798 2604 956 2627 consensibus
965 2603 994 2626 U.
1008 2610 1052 2625 om.

453 2638 556 2663 septies
574 2636 656 2659 leom.

487 2669 592 2692 LXVII.
612 2669 759 2692 parabolam
772 2667 841 2692 A*U.

1302 325 1330 349 C.

1093 372 1204 400 XVII.
1241 372 1283 399 In
1320 374 1434 400 monte
1465 379 1543 399 cum

1176 420 1293 453 Moyse
1313 422 1347 447 et
1365 419 1471 447 Helia
1489 426 1544 452 ap-

1173 468 1280 499 paret.

918 240 1146 270 CAPITULA
1173 240 1231 269 IN
1249 240 1572 270 EUANGELIUM

1570 469 1573 516 ἱ

1145 560 1160 586 i.
1182 559 1218 587 Et
1230 568 1288 587 uox
1296 559 1332 587 de
1340 559 1421 587 caelo
1427 558 1464 586 ad
1470 568 1545 586 eum.
1571 551 1573 581 Ᾰ

1138 607 1164 633 ii.
1187 606 1274 634 Unde
1290 606 1466 634 discentibus
1482 605 1546 633 He-

1217 654 1285 681 liam
1307 654 1364 680 iam
1386 653 1502 681 uenisse
1518 658 1545 681 et

1218 709 1277 729 non
1293 709 1356 728 esse
1379 704 1545 737 susceptum

1217 747 1390 775 manifestat.

1146 794 1180 822 iii.
1204 794 1329 822 Puerum
1386 793 1545 822 lunaticum

1218 846 1309 869 sanat.

1137 888 1183 916 iiii.
1206 888 1244 916 Et
1266 887 1302 916 de
1325 887 1382 915 fide
1405 887 1457 915 hut
1480 897 1545 924 gra-

1218 944 1287 963 nam
1303 935 1411 972 sinapis
1427 935 1503 963 dicit.

1138 991 1162 1010 v.
1185 981 1230 1010 De
1266 985 1379 1010 Istatere
1416 982 1446 1009 in
1476 981 1546 1010 hore

1218 1029 1314 1066 piscis.

1096 1077 1229 1105 XVIII.
1264 1078 1314 1104 De
1353 1077 1547 1104 humffltate

1177 1125 1267 1152 sicut
1280 1132 1433 1157 puerum.

1147 1171 1164 1198 i.
1186 1170 1232 1198 De
1258 1179 1347 1198 manu
1370 1176 1398 1198 et
1421 1170 1495 1207 pede
1519 1175 1547 1198 et

1219 1217 1324 1246 hoculo
1339 1217 1497 1246 heruendo.

1140 1265 1166 1293 ii.
1195 1265 1233 1293 Et
1262 1274 1298 1293 ne
1330 1265 1482 1292 minimum
1512 1264 1547 1293 de

1219 1312 1405 1340 credentibus
1423 1312 1548 1340 scanda-

1219 1359 1374 1387 lizandum.

1144 1407 1181 1435 iii.
1204 1406 1339 1441 Quorum
1364 1406 1484 1443 angelos
1506 1405 1547 1434 fa-

1219 1454 1295 1482 ciem
1311 1454 1400 1490 patris
1415 1454 1443 1481 in
1460 1453 1548 1481 caelis

1219 1510 1334 1538 semper
1363 1501 1462 1529 uidere
1491 1505 1547 1528 tes-

1219 1553 1302 1576 tatur.

1118 1596 1163 1623 iiii.
1186 1594 1549 1632 Correptiofratrumquod

1220 1642 1363 1680 indulgeri
1387 1642 1491 1670 debeat
1510 1641 1549 1669 al-

1220 1694 1359 1717 terutrum
1376 1698 1468 1726 usque
1484 1698 1548 1726 sep-

1221 1737 1333 1774 tuagies
1349 1737 1463 1773 septies.

1099 1927 1249 1955 XVIIII.
1272 1927 1338 1958 Qui
1350 1933 1551 1954 eonseruum

1182 1982 1281 2002 suum
1296 1976 1437 2007 propter
1452 1974 1552 2000 dena-

1181 2022 1249 2049 rios
1255 2023 1392 2049 centum
1402 2021 1552 2048 suffocat.

1152 2068 1168 2095 i.
1185 2067 1315 2095 Uxorem
1326 2077 1385 2095 non
1392 2066 1552 2095 deberede-

1211 2114 1294 2142 mitti.
1310 2113 1553 2142 EtdeEunuchis.

1149 2162 1176 2190 ii.
1200 2161 1331 2189 Infantes
1354 2170 1413 2189 non
1430 2170 1493 2188 esse
1509 2170 1554 2188 ar-

1227 2208 1337 2236 cendos
1354 2208 1466 2236 Diuites
1482 2207 1554 2235 diffi-

1228 2255 1283 2283 cile
1307 2255 1411 2282 intrare
1438 2255 1467 2282 in
1491 2263 1555 2291 reg—

1228 2311 1298 2330 num
1313 2302 1470 2330 caelorum.

1139 2350 1174 2377 iii.
1196 2349 1234 2377 Et
1259 2349 1426 2386 centuplum
1452 2357 1556 2385 accep—

1229 2402 1323 2424 turum
1339 2396 1387 2433 qui
1402 2396 1557 2424 homnibus

1229 2444 1286 2471 suis
1302 2444 1515 2471 renuntiauerit.

1140 2505 1224 2528 XVII.
1244 2505 1269 2527 ii.
1282 2505 1493 2528 descendentibus.
1513 2505 1556 2527 iiii.

1107 2537 1186 2560 docet.

1142 2571 1180 2593 De
1193 2574 1280 2594 statere
1293 2570 1321 2593 in
1334 2570 1424 2593 XVIII
1435 2570 1549 2600 ponitur.

1142 2603 1239 2626 XVIII,
1256 2604 1272 2626 i,
1295 2610 1311 2626 ψ
1321 2606 1344 2626 et
1357 2607 1414 2625 anlc
1425 2604 1463 2625 De
1476 2610 1557 2625 manu.

1110 2636 1134 2658 ii.
1153 2643 1198 2659 om.
1215 2638 1249 2658 de
1262 2637 1451 2659 credentibus.

1142 2668 1253 2691 XVIIII.
1262 2668 1286 2692 ii.
1296 2670 1429 2692 arcendos
1439 2674 1455 2691 4-
1464 2676 1478 2690 a
1487 2668 1559 2690 bene-

1108 2701 1222 2725 dictione.
1236 2701 1341 2725 introire.
1353 2701 1386 2724 iii.
1397 2704 1558 2732 recepturum.

1639 323 1757 348 BHoJT
1768 331 1826 347 aur.
1840 324 1917 347 blarl.
1935 328 2005 354 ²797-

1598 369 1694 397 XVII.
1718 370 1752 397 In
1775 374 1875 398 monte
1893 370 2046 406 transfigu-

1638 422 1722 444 ratur.

1601 794 1726 822 Puerum
1742 793 1899 822 lunaticum
1916 793 2014 821 saluat.

1601 978 1646 1006 De
1662 983 1765 1007 statere
1781 979 1811 1006 in
1826 987 1876 1007 ore
1894 978 1989 1016 piscis.

1601 1072 1714 1100 XVIII.
1738 1072 1939 1100 Humilitatem
1966 1072 2052 1101 docet

1642 1119 1850 1148 conferendam
1865 1119 2024 1157 puerilitati.

1601 1267 1639 1295 Et
1661 1276 1713 1295 nec
1739 1267 1893 1295 minimum
1924 1266 2053 1295 fidelium

1643 1313 1902 1342 scandalizandum
1928 1322 2053 1351 quorum

1643 1360 1737 1397 angeli
1768 1360 1872 1388 faciem
1903 1359 1994 1397 patris
2024 1359 2053 1387 in

1643 1407 1729 1435 caelis
1751 1416 1868 1445 semper
1889 1406 1998 1435 uident.

1603 1588 1813 1626 Corripiendos
1850 1588 1972 1616 fratres:
2025 1592 2053 1616 et

1643 1636 1759 1674 saepius
1774 1635 1992 1673 indulgendum.

1605 1927 1686 1956 XIX.
1711 1926 1874 1955 Similitudo
1894 1925 1929 1953 de
1945 1924 1992 1953 illo
2009 1924 2057 1962 qui

1647 1983 1822 2003 conseruum
1840 1981 1924 2001 suum
1940 1977 2058 2008 propter

1647 2026 1765 2050 centum
1778 2020 1914 2049 denarios
1928 2018 2058 2047 suffocat.

1608 2111 1653 2138 De
1669 2109 1825 2138 Eunuchis.

1608 2157 1737 2186 Infantes
1752 2166 1813 2185 non
1829 2166 1892 2185 esse
1915 2155 2058 2184 arcendos

1649 2214 1666 2232 a
1680 2204 1892 2233 benedictione.

1610 2252 1733 2280 Difficile
1758 2251 1878 2279 diuitem
1899 2250 2016 2278 introire
2031 2249 2061 2277 in

1649 2308 1773 2336 regnum
1789 2298 1944 2326 caelorum.

1644 2536 1727 2559 XVII.
1746 2539 1813 2559 curat
1826 2542 1882 2557 aur.

1644 2568 1742 2592 XVIII.
1762 2567 1938 2591 Humilitatem
1987 2565 2050 2588 doce

1612 2603 1674 2625 sicut
1687 2601 1754 2632 pueri
1768 2600 1840 2624 ΒΗΘ
1848 2607 1905 2623 aur.
1936 2599 2028 2626 angeli
2037 2604 2055 2621 ÷

1611 2642 1696 2659 eorum
1708 2641 1767 2658 aur.
1800 2641 1846 2656 om.
1857 2634 1887 2655 in
1900 2633 1985 2656 caelis
1995 2638 2053 2654 aur.
