2258 3157
373 343 484 373 DSPGQ.

176 389 331 418 XLVIIII.
355 388 389 416 In
406 393 504 416 monte
517 387 592 416 Cum
609 390 678 423 moyv

216 442 243 464 et
260 436 334 464 helia
350 435 483 472 loquitur.

178 864 212 892 L.
235 864 361 891 Puerum
380 863 538 891 lunaticum
559 863 678 890 curauit.

178 909 227 937 LI.
253 909 291 936 Et
317 908 363 936 De
386 908 442 936 fide
465 908 532 936 dicit
557 916 680 944 granum

219 964 343 992 synapis.

179 1049 244 1076 LII.
267 1048 304 1077 Et
328 1048 478 1086 dragmam
508 1048 574 1076 dicit
600 1052 681 1085 petro

220 1095 347 1123 reddere.

180 1142 262 1170 LIII.
285 1142 330 1170 De
346 1141 507 1169 humilitate
524 1142 596 1169 sieut
611 1149 682 1177 puer

221 1193 248 1216 et
264 1188 299 1216 de
315 1197 405 1215 manu
420 1192 447 1216 et
465 1188 539 1225 pede
554 1192 583 1215 et
598 1187 682 1216 oculo

221 1235 350 1263 eruendo
366 1240 394 1262 et
410 1234 445 1262 de
461 1243 517 1262 oue
533 1235 661 1262 erratica.

190 1469 285 1496 LIIII.
306 1468 352 1496 De
374 1468 554 1505 correptione
572 1468 689 1495 fratrum

232 1521 259 1543 et
275 1515 425 1551 indulgere
442 1515 512 1543 alter
527 1515 606 1543 alteri

192 1655 254 1683 LV.
290 1654 350 1690 Qui
393 1663 566 1683 conseruum
610 1663 692 1682 suum

234 1707 351 1739 propter
368 1702 503 1730 denarios
517 1711 549 1730 ·c·
564 1701 693 1729 suffocat.

197 1977 274 2004 LVI.
298 1976 356 2004 Ubi
375 1986 496 2005 uxorem
517 1985 577 2004 non
593 1976 696 2004 debere

237 2024 341 2052 dimitti
357 2029 385 2051 et
401 2024 436 2051 de
452 2023 660 2060 spandonibus.

197 2071 291 2099 LVII.
312 2070 359 2098 De
378 2071 466 2098 diuite
486 2070 565 2107 quod
585 2069 698 2097 difficile

238 2117 353 2145 intrabit
365 2118 394 2144 in
406 2126 528 2154 regnum
544 2117 699 2144 caelorum.

233 2216 368 2243 XLVIIII,
383 2216 412 2245 L,
426 2220 449 2239 et
465 2216 498 2238 LI
516 2216 543 2238 in
561 2224 642 2238 mmm
657 2216 699 2241 <Li

199 2249 330 2279 coniungit
345 2248 376 2272 G.
419 2255 435 2271 ÷
453 2248 494 2271 ubi
509 2248 554 2277 (ad
565 2249 633 2277 init.)
648 2249 701 2271 {PG
726 2259 728 2262 ⁴

201 2282 231 2312 Q.
265 2282 407 2309 loquitur:
425 2285 527 2312 apparet
539 2281 624 2311 {PGQ

234 2314 261 2337 L.
288 2318 337 2337 ÷et
363 2314 398 2337 acl
419 2314 476 2337 init.
501 2313 587 2343 ffGQ.
622 2313 702 2336 saluat

201 2347 263 2377 {PQ
275 2349 345 2370 sanat
358 2347 389 2370 G.
568 2361 571 2363 -

234 2379 277 2402 LI.
288 2381 358 2402 dicit
366 2386 383 2399 ⁴-
392 2379 454 2402 sieut
464 2379 495 2402 G.
509 2379 655 2409 >sin.gran.
666 2379 702 2401 ΞΡ.
728 2368 729 2404 J

236 2412 292 2435 LII.
313 2413 351 2435 De
373 2412 476 2442 drag-ma
498 2411 559 2441 ZPQ.
584 2411 649 2434 didr-
671 2411 701 2434 G.

203 2446 319 2468 reddere
330 2453 343 2466 ’ν
353 2448 377 2468 et
397 2445 427 2468 de
448 2448 535 2467 statere
555 2445 596 2474 qui
617 2445 660 2467 fuit
678 2444 703 2466 in

204 2485 245 2500 ore
257 2478 320 2508 pisci
332 2477 418 2507 SPGQ.

238 2509 321 2533 LIIII.
336 2510 457 2540 indulgeri
467 2510 553 2533 debere
561 2509 703 2532 alterutrum

237 2575 304 2598 LVI.
323 2583 368 2598 am.
381 2577 431 2598 ubi
444 2575 529 2605 ZPGQ.

238 2607 320 2631 LVII.
347 2608 406 2631 ÷ad
416 2608 474 2631 init.
493 2609 532 2631 De
544 2607 628 2630 infant.
643 2626 647 2630 .
661 2627 666 2631 .
680 2615 705 2630 es

206 2647 308 2670 quorum
326 2648 413 2663 manus
431 2640 538 2671 inposuit
555 2644 578 2663 et
604 2640 635 2663 G.
669 2640 703 2662 in-

206 2673 289 2696 troibit
303 2673 333 2696 G.

697 255 957 286 SECUNDUM
975 255 1041 283 MA
1053 255 1256 284 TTHEUM.

729 2439 731 2456 i

910 340 927 363 J
943 339 1055 367 gluvies).

732 386 795 414 XL.
819 385 877 414 Ubi
899 386 927 413 in
950 390 1079 413 montem
1103 384 1232 413 ascendit

774 433 823 461 Ihs
854 438 880 460 et
911 432 1030 469 Moyses
1066 437 1093 459 et
1130 431 1232 459 Helias

773 487 969 519 apparuerunt
1001 486 1028 509 et
1061 481 1097 509 de
1128 481 1231 508 Heliae

773 529 899 556 aduentu
914 528 989 555 dicit.

735 864 813 892 XLI.
839 864 898 892 Ubi
927 872 1050 901 puerum
1077 863 1235 890 lunaticum

775 912 888 940 sanauit
912 916 939 938 et
965 910 1051 938 fidem
1081 909 1146 937 dicit
1172 917 1235 945 gra-

776 967 846 986 num
863 967 977 994 smap1s.

738 1052 831 1080 XLII.
857 1051 901 1080 De
923 1056 1028 1079 statere
1046 1050 1075 1077 in
1091 1058 1140 1077 ore
1152 1048 1237 1086 piscis

778 1103 805 1126 et
821 1098 979 1125 humilitate
998 1096 1214 1133 discipulorum.

738 1145 847 1179 XLIII.
875 1144 919 1172 De
956 1153 1044 1171 manu
1087 1148 1114 1171 et
1152 1141 1238 1171 oculo

779 1191 907 1220 eruendo
929 1195 956 1218 et
980 1191 1015 1218 de
1039 1194 1155 1218 centum
1178 1189 1238 1217 oui-

779 1239 833 1266 bus
849 1243 876 1265 et
892 1247 949 1266 una
965 1246 1037 1274 quae
1053 1237 1166 1265 errauit.

715 1511 717 1524 γ
744 1470 870 1499 XLIIII.
894 1469 939 1497 De
972 1474 1125 1505 peccatore
1158 1467 1242 1495 fratre

786 1515 957 1554 corrigendo
1001 1520 1028 1543 et
1070 1514 1243 1543 remittendo

787 1563 950 1601 septuagies
966 1562 1080 1599 septies.

746 1657 840 1685 XLV.
872 1656 918 1684 De
953 1655 1070 1684 homine
1099 1664 1167 1691 rege
1197 1654 1246 1691 qui

789 1712 873 1732 seruo
903 1712 956 1731 suo
985 1702 1091 1730 dimisit
1118 1702 1245 1729 debitum

788 1755 816 1778 et
831 1750 877 1778 ille
893 1758 1035 1777 conseruo
1051 1748 1143 1776 noluit
1153 1748 1246 1776 dimit—

788 1802 854 1824 tere.

752 1980 859 2009 XLVI.
885 1979 930 2006 De
957 1987 1047 2006 uxore
1072 1987 1131 2006 non
1155 1977 1249 2005 dimit-

793 2027 879 2055 tenda
908 2031 935 2053 et
964 2026 1017 2052 tria
1046 2034 1152 2062 genera
1180 2033 1249 2052 eun-

792 2073 942 2101 uchorum.

754 2120 876 2148 XLVII.
898 2119 943 2147 De
967 2119 1063 2156 pueris
1084 2118 1187 2155 quibus
1209 2118 1251 2145 in-

794 2168 921 2204 ponebat
963 2175 1065 2193 manus
1111 2170 1139 2192 et
1184 2164 1253 2192 ado-

795 2215 920 2242 lescente
941 2213 1026 2241 diuite
1048 2218 1076 2240 et
1099 2212 1177 2249 quod
1198 2211 1253 2239 dis-

795 2261 882 2298 cipuli
892 2260 1128 2288 iudicentTribus
1138 2258 1254 2286 Israhel.

727 2337 728 2343 ἵ
756 2307 896 2335 XLVIII.
920 2307 965 2335 De
977 2307 1112 2343 operariis
1128 2306 1156 2333 in
1171 2306 1255 2333 uinea

797 2360 823 2382 et
839 2354 887 2391 qui
903 2354 1034 2390 singulos
1054 2353 1188 2380 denarios
1208 2361 1255 2379 ac-

797 2406 943 2438 ceperunt.

1747 261 1786 291 33
