2209 3147
348 251 410 282 294

351 311 362 321 ”
508 328 610 352 AHVY
618 328 695 352 Harl.
710 333 782 360 2790.

345 373 423 402 LVI.
444 374 582 411 Regnum
592 374 637 402 dei
647 384 739 412 grano
749 375 856 412 sinapis
866 384 946 403 com-

385 430 491 458 parans
520 426 547 449 et
580 421 723 450 fermento
755 422 790 450 de
823 427 945 459 angusta

386 477 502 505 quoque
528 468 604 496 uitae
634 468 681 496 uia
710 478 872 506 paucorum
902 468 944 497 lo-
971 495 973 508 ‚

385 524 477 552 quens
493 521 575 543 erunt
591 516 683 552 inquit
696 516 780 553 primi
794 516 944 544 nouissimi
971 521 972 548 ζ

385 567 412 589 et
428 562 577 590 nouissimi
593 562 685 599 primi.

343 748 438 776 LVII.
461 749 612 778 Herodem
630 750 749 787 uulpem
770 750 895 788 appellat
918 755 945 778 et
971 730 972 748 i

384 795 557 824 hierusalem
581 797 709 834 increpat
729 797 781 825 alis
800 797 860 826 eius
878 807 944 835 pro·
971 804 972 807 ’

383 843 439 880 tegi
456 849 648 880 respuentem.

341 1082 451 1111 LVIII.
477 1083 679 1120 Hydropicum
699 1083 819 1111 sabbato
835 1092 941 1111 curans

382 1130 459 1158 uelut
482 1130 517 1158 de
542 1130 650 1158 umoris
676 1134 763 1167 puteo
789 1130 939 1157 liberatum

382 1182 596 1205 murmurantes
616 1176 783 1214 pharisaeos
804 1176 875 1204 asini
894 1176 940 1204 uel

381 1225 465 1252 bouis
491 1225 519 1251 in
544 1233 580 1252 eo
606 1224 735 1252 cadentis
762 1224 940 1251 extractione

380 1271 534 1300 confundit
546 1271 735 1299 humilitatem
747 1280 864 1308 quoque
877 1280 939 1298 sec-

380 1319 498 1346 tandam
509 1318 617 1346 docens
627 1318 656 1345 in
666 1318 804 1346 conuiuio
814 1318 939 1354 primum
967 1342 968 1353 ¹

381 1365 545 1394 accubitum
562 1365 699 1401 praecipit
719 1374 779 1393 non
800 1374 940 1402 quaeren-
967 1355 968 1365 ¹

381 1413 450 1440 dum
473 1421 526 1440 nec
549 1412 651 1439 diuites
667 1411 717 1439 sed
733 1420 876 1448 pauperes
892 1411 940 1448 qui
968 1436 969 1447 ¹

381 1468 440 1487 non
456 1459 614 1487 retribuant
630 1468 691 1487 esse
707 1458 879 1496 pascendos.
968 1454 969 1460 ¹

341 1549 419 1578 LIX.
443 1550 527 1578 Ponit
553 1550 724 1587 parabolam
751 1550 786 1578 de
815 1550 941 1578 inuitatis

380 1597 429 1634 qui
440 1606 469 1625 se
481 1597 783 1625 excusare—studentes
796 1606 869 1625 cena
880 1606 940 1626 non
968 1634 969 1644 ἵ

380 1643 484 1672 fuerint
500 1644 587 1681 digni.

338 1734 402 1764 LX.
425 1735 555 1765 Odituris
575 1736 803 1764 necessitudines
824 1737 940 1773 insuper

379 1788 407 1812 et
422 1783 549 1811 animam
565 1791 646 1810 suam
662 1788 690 1810 et
707 1788 835 1811 assumta
853 1793 938 1811 cruce

379 1829 517 1858 secuturis
544 1829 758 1857 similitudinem
785 1830 938 1858 aedifican-

378 1876 431 1905 dae
442 1877 526 1905 turris
536 1882 563 1904 et
573 1876 609 1904 de
619 1876 695 1904 bello
705 1885 805 1913 regum
816 1877 938 1905 duorum
964 1893 965 1912 1

379 1924 499 1961 exponit
510 1933 583 1951 neue
595 1924 629 1950 sit
639 1924 703 1960 quis
714 1923 755 1951 sal
766 1923 936 1952 infatuatum

378 1971 430 1999 sed
444 1980 527 1999 aures
543 1970 647 1998 habeat
663 1970 806 1998 audiendi.

337 2018 417 2046 LXI.
440 2017 692 2045 Murmurantibus
704 2017 740 2045 de
750 2022 937 2054 peccatorum

377 2064 514 2093 conuiuio
531 2064 701 2101 parabolam
722 2065 784 2091 ouis
803 2070 831 2092 et
851 2065 937 2101 drag-

377 2120 442 2140 mae
464 2111 547 2148 ponit
569 2111 705 2138 inuentae
727 2112 936 2139 commendans

370 2191 436 2214 LVI.
450 2199 525 2222 regno
534 2191 611 2214 Harl.
637 2190 797 2221 conparatH.
818 2194 937 2218 angusta.

342 2231 359 2248 -ιν
369 2229 440 2255 porta
454 2224 487 2246 H.

369 2257 450 2280 LVII.
469 2256 524 2279 aliis
538 2256 572 2279 H.
961 2257 963 2271 ¹

369 2289 464 2312 LVIII.
492 2289 623 2312 sabbatum
647 2289 724 2312 Harl.
770 2297 815 2312 om.
841 2290 876 2311 de
900 2289 934 2312 H.

335 2322 512 2346 extractatione
526 2321 559 2344 H.
595 2322 716 2352 praecepit
731 2321 764 2344 H.
799 2329 871 2345 non:
891 2329 935 2345 nos

336 2355 370 2378 H.
405 2355 538 2378 retribuunt
551 2354 573 2376 V
582 2355 657 2377 Harl.

369 2388 435 2410 LIX.
459 2391 485 2413 >
495 2387 525 2410 de
538 2387 647 2410 inuitatis
659 2387 804 2418 parabolam
817 2387 886 2418 ponit
899 2387 932 2410 H.

336 2420 430 2443 suerunt
444 2420 502 2443 HV.

368 2453 420 2476 LX.
447 2453 552 2476 secuturi
581 2452 611 2475 Y.
653 2452 827 2475 similitudines
855 2453 932 2475 Harl.

334 2493 380 2508 om.
391 2487 425 2508 de
436 2485 469 2508 H.
505 2493 615 2512 regum:
634 2493 734 2514 regnum
744 2485 819 2508 Harl.
854 2485 901 2508 sint
911 2485 933 2507 V

334 2518 412 2542 Harl.
424 2522 447 2541 cl
458 2526 503 2541 om.
517 2520 586 2546 quis.
622 2517 727 2541 habeant
740 2518 762 2540 V
773 2518 849 2542 Harl.

985 2459 1079 2483 debiles
1096 2459 1179 2482 Tlmm.

958 2519 960 2532 ¹
985 2527 1077 2547 torum
1090 2532 1094 2547 :
1122 2524 1309 2554 publicanorum
1334 2524 1434 2553 Tl10m.;

983 2590 1070 2612 deinde
1085 2596 1100 2612 4-
1116 2590 1157 2612 dat
1176 2589 1259 2612 Tllom.

826 245 1053 273 CAPJI'ULA
1082 245 1139 274 IN
1159 245 1478 274 EUANGELIUM

1186 329 1266 360 css).

1041 375 1128 404 Unde
1141 376 1358 404 similitudinem
1367 376 1450 413 grani

1081 423 1199 460 synapis
1232 423 1378 459 subiungit
1413 432 1448 451 ex

1081 479 1140 507 quo
1168 470 1255 498 arbor
1279 470 1370 498 maior
1396 469 1447 498 ho·

1080 516 1185 545 leribus
1200 517 1334 545 nascitur.
1473 513 1475 565 ἓ

1040 564 1075 591 Et
1105 563 1237 592 fermenti
1266 564 1346 601 quod
1375 564 1446 592 hab·
1472 568 1475 600 ᾖ

1080 611 1247 639 sconditum
1280 610 1382 638 mulier
1418 611 1446 638 in
1472 601 1474 636 l

1079 657 1179 685 farina.
1472 637 1474 702 ἰ

1038 705 1076 732 Et
1092 704 1141 732 hut
1157 705 1313 733 introeatur
1343 727 1348 732 .
1392 726 1397 732 .
1441 727 1446 732 .
1472 705 1474 726 ἓ

1038 752 1076 780 Et
1091 751 1250 789 pharisaeis
1266 752 1309 780 aei
1326 751 1446 780 dicenti-

1079 799 1133 827 bus
1144 799 1212 836 quia
1224 798 1348 827 herodes
1360 808 1445 826 aeum
1472 827 1474 836 ,

1079 846 1164 874 uellet
1197 844 1346 874 hoccidere
1380 845 1446 874 dicit

1079 901 1165 921 aeum
1180 892 1307 929 uulpem.
1472 886 1474 892 '

1038 939 1075 967 Et
1090 939 1263 976 prophetam
1278 944 1358 967 extra
1374 940 1445 968 Hie-
1471 958 1472 963 .

1079 986 1202 1014 rusalem
1218 996 1278 1014 non
1294 986 1393 1023 perire.

1036 1033 1073 1061 Et
1091 1034 1221 1070 increpat
1236 1033 1415 1061 hierusalem.

993 1082 1112 1109 XIIII.
1151 1082 1307 1109 sabbatis
1346 1084 1443 1109 curat

1075 1129 1308 1162 hydropicum.

1034 1174 1247 1203 Discumbendi
1273 1174 1321 1203 dat
1345 1174 1441 1203 hordi-

1075 1230 1152 1250 nem.

1034 1268 1212 1297 Inuitantem
1226 1268 1356 1297 hortatur
1371 1278 1443 1306 pau-

1074 1325 1157 1353 peres
1172 1325 1301 1353 pascere.

1036 1362 1260 1391 Similitudinem
1320 1363 1443 1400 iungens

1075 1410 1202 1438 hominis
1215 1410 1263 1447 qui
1279 1410 1442 1438 excusanti-

1077 1457 1130 1485 bus
1173 1457 1300 1485 inuitatis
1339 1466 1443 1485 caecos
1469 1460 1470 1473 ¹

1077 1504 1179 1532 clodos
1200 1504 1310 1532 debiles
1327 1505 1444 1532 uocauit
1469 1518 1471 1534 ι

1078 1557 1105 1579 et
1135 1551 1233 1579 turbas
1270 1551 1305 1578 de
1342 1551 1443 1589 plateis
1469 1550 1471 1582 ξ

1076 1598 1214 1626 hortatur.

1037 1644 1165 1674 Omnem
1259 1645 1442 1674 affectionem

1075 1697 1194 1730 propter
1224 1702 1254 1721 se
1280 1692 1443 1730 relinquen-

1076 1740 1152 1767 dam.

1035 1786 1208 1815 Parabolam
1214 1796 1326 1824 ponens
1336 1791 1442 1815 turrem
1469 1776 1470 1779 Ἴ

1075 1834 1228 1862 hedificare
1244 1834 1376 1862 uolentis.

1034 1881 1072 1909 Et
1088 1881 1172 1917 regis.
1467 1913 1469 1925 k

991 1930 1065 1957 XV.
1088 1931 1145 1957 Sal
1161 1930 1329 1957 fatuatum
1347 1936 1440 1957 aesse

1073 1984 1141 2004 non
1155 1977 1286 2004 debere.

1032 2022 1283 2051 Murmure-ntibus
1344 2022 1440 2059 phari-

1073 2071 1146 2098 saeis
1163 2070 1198 2097 de
1214 2070 1353 2097 conuiuio
1371 2078 1439 2106 pec-

1072 2122 1202 2145 catorum
1222 2116 1438 2144 similitudinem

1496 1273 1682 1312 hortaturque

1469 1648 1523 1672 'et

1505 329 1566 354 BOJ
1571 329 1674 361 (breues)
1679 330 1727 354 ΟΧ
1733 331 1794 355 l’ar.
1802 332 1857 355 Lat.
1865 338 1874 355 1
1880 332 1951 362 0438.

1499 763 1637 793 herodem
1652 765 1769 802 uulpem
1784 765 1928 803 designat.

1497 1041 1596 1070 XIIII.
1634 1041 1767 1070 Sabbatis
1809 1041 1946 1080 hydropi-

1536 1098 1602 1116 cum
1620 1095 1701 1117 curat

1759 1275 1943 1303 inuitatorem

1536 1330 1679 1358 pauperes
1718 1331 1836 1358 pascere
1879 1331 1945 1350 cum

1538 1369 1707 1405 parabolam
1746 1369 1945 1398 excusantium

1537 1416 1574 1444 ad
1590 1425 1696 1444 cenam

1586 1653 1704 1672 omnem
1761 1643 1944 1672 affectionem

1537 1696 1656 1728 propter
1677 1700 1706 1719 se
1723 1690 1882 1719 »odiendam
1902 1691 1943 1718 di-

1537 1739 1573 1766 cit
1584 1747 1650 1766 cum
1661 1738 1943 1775 parabolamturrem

1536 1785 1689 1813 aedificare
1710 1785 1834 1813 uolentis
1853 1791 1881 1814 et
1902 1794 1942 1812 re-

1536 1842 1589 1870 gis.

1494 1926 1559 1954 XV.
1587 1926 1635 1955 Sal
1660 1926 1771 1954 fatuum
1795 1935 1857 1954 esse
1881 1935 1942 1954 non

1534 1973 1640 2002 debere
1651 1973 1866 2001 similitudinem
1876 1982 1941 2010 pas-

1533 2021 1602 2049 toris
1628 2030 1717 2048 unam
1739 2029 1824 2048 ouem
1849 2020 1941 2057 perdi-

1532 2073 1590 2096 tam
1600 2067 1770 2105 requirentis
1777 2072 1804 2095 et
1814 2067 1941 2095 mulieris

1532 2115 1683 2152 dragmam
1706 2114 1880 2142 inuenientis

1021 2198 1096 2221 XIII.
1110 2197 1355 2226 subiunxitAlex,14.
1372 2199 1437 2220 hab—
1467 2199 1469 2202 “

989 2232 1165 2255 sconditum:
1195 2230 1323 2254 abscondit
1351 2230 1436 2253 Tlmm.

988 2272 1034 2287 om.
1048 2267 1080 2286 ut
1092 2264 1164 2287 Alex.
1176 2270 1212 2286 10.
1247 2265 1405 2286 introeatur
1413 2269 1430 2286 -ι-

988 2304 1030 2327 per
1039 2300 1169 2326 angustum
1183 2296 1273 2319 ostium
1285 2303 1329 2319 nec
1339 2295 1436 2319 clauda-

987 2334 1026 2352 tur
1043 2329 1125 2352 Tlmm.
1141 2329 1193 2359 (sed
1203 2329 1276 2352 Alex.
1293 2335 1321 2358 14
1338 2336 1368 2351 ne
1386 2328 1435 2351 clu-

987 2362 1078 2390 datur).
1113 2370 1159 2384 om.
1170 2365 1197 2384 et
1206 2364 1264 2384 ante
1273 2362 1435 2388 pharisaeis.

986 2396 1127 2421 increpat:
1147 2394 1282 2424 increpatio
1295 2394 1368 2416 Alex.
1382 2400 1418 2423 14.

1019 2426 1106 2450 XIIII.
1122 2427 1286 2450 discumbenti
1298 2426 1383 2450 leom.
1406 2434 1435 2449 ac

1018 2492 1075 2515 XV.
1101 2492 1192 2514 fatuum
1222 2492 1304 2514 Tham.
1339 2499 1434 2518 peeca-

986 2562 1113 2588 pastorum
1126 2557 1197 2579 Alex.
1215 2563 1244 2580 10
1256 2560 1277 2579 ct
1291 2557 1347 2580 L'at.
1357 2564 1417 2586 4221
1429 2565 1434 2585 ;

1522 2196 1598 2219 XIII.
1617 2197 1761 2223 designat:
1784 2194 1896 2225 adsignat
1917 2195 1940 2219 O

1491 2232 1548 2259 (ass.
1561 2229 1615 2258 OC).

1523 2262 1610 2285 XIIII.
1629 2263 1709 2284 curat
1718 2267 1733 2283 ÷
1743 2264 1766 2284 et
1779 2260 1809 2283 de
1820 2260 1940 2291 parabola

1489 2294 1683 2318 recumbentium
1711 2293 1743 2316 ad
1769 2294 1868 2323 nuptias
1896 2293 1938 2317 0⁰.

1489 2335 1544 2351 cum
1581 2326 1703 2358 parabola
1739 2325 1836 2349 BOJO⁰
1852 2325 1937 2349 leom.

1488 2368 1503 2383 a
1515 2368 1589 2383 caena
1601 2360 1631 2382 Θ.
1666 2367 1712 2382 om.
1723 2361 1751 2381 et
1761 2362 1817 2381 aule
1827 2365 1938 2381 omnem

1489 2393 1550 2416 BQJ
1567 2393 1591 2415 T
1589 2392 1652 2416 lmm.
1687 2390 1794 2414 odienda
1816 2391 1846 2414 Θ.
1882 2398 1937 2414 cum

1488 2425 1608 2456 parabola
1620 2432 1662 2448 sec.
1677 2424 1715 2447 GU
1721 2424 1755 2447 Oc
1767 2423 1851 2447 leom.

1520 2458 1576 2481 XV.
1602 2459 1704 2480 debere
1724 2463 1740 2479 ÷
1761 2456 1821 2478 dicit
1851 2456 1936 2479 Tlmm.

1487 2490 1657 2514 similitudinis
1675 2488 1711 2512 O*
1725 2496 1772 2517 ves
1790 2487 1843 2518 ΟΦ).
1877 2496 1936 2516 pus-

1487 2525 1557 2547 toris
1567 2530 1582 2547 ψ
1592 2523 1661 2554 ponit
1677 2522 1761 2546 Tlmm.
