2209 3147
654 246 740 275 SEC
746 247 840 276 UND
846 247 917 275 HM
936 248 1001 276 MA
1009 248 1151 278 RCUM.

344 332 441 356 DEPGJ
457 332 588 362 (capilula)
602 332 624 361 Q
638 333 726 361 (aum).

87 379 138 407 VI.
162 378 229 406 Non
245 383 287 406 est
303 387 377 415 opus
392 378 468 406 sanis
483 377 601 405 medicis
617 378 667 405 sed
683 378 756 406 male
772 378 944 407 habentibus
960 385 986 407 et

128 434 188 453 non
203 430 324 462 possunt
342 425 389 452 filii
406 424 503 461 sponsi
519 424 649 452 Ieiunare
665 433 775 461 sponso
791 431 930 462 presente.

85 651 152 679 VII.
175 651 315 688 Discipuli
332 651 437 679 uellere
453 651 545 688 spicas
561 651 687 679 sabbatis
702 658 868 689 coeperunt.
905 689 908 693 .

86 791 169 819 VIII.
193 792 226 819 In
244 785 392 828 synagoga
407 791 555 819 hominem
572 801 659 820 manu
675 792 754 820 arida
770 794 888 821 sanauit.

86 999 185 1028 VIIII.
209 1000 304 1028 Omne
325 1009 446 1036 regnum
468 1000 621 1028 aduersum
641 1010 687 1028 me
708 1010 766 1029 non
788 1001 871 1029 stabit
890 1006 916 1029 et
935 1002 983 1038 qui

127 1047 228 1075 dixerit
243 1046 279 1074 In
294 1050 347 1084 spu
364 1051 414 1075 sco
430 1056 488 1075 non
504 1048 664 1075 remittetur
679 1048 712 1075 ei.

84 1363 121 1390 X.
144 1368 171 1391 et
187 1362 224 1390 hii
241 1369 306 1392 sunt
321 1363 420 1391 fratres
438 1364 494 1392 mei
510 1364 558 1400 qui
577 1363 683 1391 faciunt
702 1363 880 1391 uoluntatem
897 1364 983 1400 patris

125 1410 190 1438 mei.

84 1456 135 1484 XI.
159 1466 226 1485 ecce
242 1457 307 1485 exiit
319 1457 369 1495 qui
384 1458 508 1486 seminat
523 1457 664 1485 seminare
681 1462 707 1485 et
720 1457 787 1485 dum
804 1457 927 1485 seminat
943 1457 982 1484 ni.

82 1731 150 1758 XII.
174 1731 263 1759 homo
279 1731 368 1759 missit
384 1740 483 1759 semen
499 1736 525 1759 et
542 1740 607 1759 cum
624 1731 730 1758 dormit
751 1735 777 1758 et
797 1731 864 1759 exiit
882 1740 981 1759 semen

122 1783 149 1805 et
165 1778 229 1806 fecit
246 1779 356 1815 spicam
372 1783 399 1806 et
414 1779 505 1806 missit
522 1778 631 1806 falcem.

82 1871 166 1899 XIII.
188 1871 225 1899 Et
242 1871 388 1900 dormiens
401 1872 435 1899 In
451 1871 584 1899 nauicula
600 1871 643 1899 ihs
659 1871 732 1899 facta
748 1876 918 1908 tempestate
933 1881 981 1900 ex-

123 1919 225 1946 citatus
241 1919 401 1956 conpiscuit
417 1924 520 1946 uentos
535 1924 563 1946 et
580 1927 665 1946 mare.

114 2063 158 2086 VI.
177 2071 249 2086 sanus
262 2063 292 2086 G.
331 2067 356 2089 >
372 2063 436 2086 sanis
448 2071 510 2093 opus
522 2063 548 2086 J.
583 2063 691 2086 medicus
704 2063 801 2093 §PGJQ
814 2072 871 2088 aur.

81 2095 163 2119 innare
176 2095 219 2119 filii
233 2096 315 2126 sponsi
329 2096 370 2119 GJ
386 2098 441 2125 (om.
456 2095 550 2126 sponsi)
565 2095 587 2125 Q
600 2103 657 2118 αιιν.

114 2128 171 2151 VII.
198 2135 214 2151 -ιΡ
224 2128 264 2151 ubi
277 2129 311 2151 ad
327 2129 383 2151 init.
398 2128 428 2151 G.
463 2128 581 2151 uellentes
598 2136 632 2158 sp.
652 2128 702 2151 sab.
715 2129 894 2153 manducabant
907 2130 979 2160 Z-PJQ

80 2168 144 2188 aun,
159 2161 291 2184 euellentes
303 2169 338 2191 sp.
352 2161 456 2184 sabbato
470 2165 525 2189 (συ).
539 2161 632 2188 mand.)
646 2160 675 2183 G.

114 2194 185 2216 VIII.
211 2194 279 2217 ÷ubi
297 2194 331 2216 ad
346 2194 403 2217 init.
423 2193 512 2218 G,÷et
529 2194 555 2216 J.
591 2193 714 2216 hominem
732 2193 861 2217 habentem
879 2203 979 2218 manum

79 2226 174 2249 aridam
186 2226 239 2256 H³Q
250 2234 316 2253 amn,
327 2226 435 2249 hominis
446 2233 546 2248 manum
558 2226 651 2249 aridam
663 2226 689 2254 J,
701 2234 799 2249 manum
812 2228 906 2250 aridam
922 2236 977 2257 gom.

79 2259 158 2283 hom.)
172 2258 202 2281 G.
237 2260 348 2281 sanauit
356 2265 372 2282 ψ
382 2258 419 2281 ihs
430 2266 487 2281 am<

114 2291 199 2314 VIIII.
217 2295 240 2314 et
257 2299 312 2314 cum
329 2291 381 2320 &Ubi
398 2291 432 2320 G)
448 2291 539 2313 multos
555 2291 665 2314 infirmos
680 2292 776 2314 sanauit
790 2293 845 2321 (fret
860 2301 917 2316 aar.
931 2293 977 2316 sal>

80 2324 149 2347 uauit
162 2324 179 2347 J
191 2332 196 2350 ;
215 2324 309 2346 curauit
323 2323 389 2350 {PG;
410 2330 426 2346 4
436 2329 459 2346 et
473 2323 507 2349 G)
518 2323 645 2354 apostolos
657 2324 803 2347 nominatim
816 2325 914 2348 uocauit
927 2330 978 2353 <110-

79 2360 118 2379 cat
130 2358 161 2385 J)
172 2356 293 2386 H’GJQR
306 2363 362 2379 aur.
397 2357 429 2378 El
445 2357 491 2378 ins.
506 2356 529 2378 X
542 2357 576 2379 ad
587 2364 667 2379 omne
679 2364 796 2384 regnum
808 2357 906 2387 EPGJQ
919 2366 976 2381 aur.

79 2389 195 2412 aduersus
207 2397 232 2412 se
244 2389 350 2412 dluisum
364 2389 461 2419 EPGJQ
474 2396 530 2412 am'.
565 2397 610 2412 om.
623 2391 669 2412 5ὃο
684 2389 734 2412 GJ.

112 2422 143 2445 X.
161 2428 206 2444 0712.
219 2423 260 2444 hii
273 2425 339 2444 sunt
350 2422 376 2445 J.

112 2454 157 2477 XI.
183 2458 231 2477 ψεῖ
247 2455 281 2477 ad
297 2455 354 2477 init.
368 2453 429 2483 GQ;
449 2454 471 2476 X
488 2457 510 2476 el
525 2454 561 2476 XI
577 2454 604 2477 in
622 2462 702 2476 unum
717 2454 770 2483 {sul}
786 2455 859 2477 titulo
876 2455 910 2483 X)
924 2464 976 2478 fon—

79 2487 165 2517 iungil
176 2487 202 2510 J.
238 2488 358 2510 seminat
365 2490 406 2516 pr.
417 2493 433 2509 ψ
444 2491 466 2509 et
480 2487 510 2516 Q.
545 2495 589 2509 om.
604 2489 671 2509 dum
684 2489 802 2510 seminat
816 2487 846 2511 G.

112 2519 170 2542 XII.
196 2526 211 2543 ψ
221 2520 262 2542 ubi
274 2520 308 2542 ad
318 2519 375 2542 z'm'l.
386 2519 441 2542 EPJ.
465 2527 510 2542 om.
521 2522 548 2542 et
556 2523 610 2550 post
622 2521 726 2542 dormit
736 2519 776 2542 GJ
788 2528 844 2543 aur.
868 2528 961 2543 semen
972 2530 976 2544 :

78 2552 199 2575 seminans
212 2552 290 2583 inepte
302 2552 333 2575 D.

112 2584 184 2607 XIII.
203 2587 245 2608 et:
272 2593 317 2607 om.
336 2592 409 2612 aur.;
436 2584 476 2607 ubi
497 2585 523 2608 J.

78 2620 243 2644 tempestate
262 2617 293 2640 G.
328 2617 449 2640 excitatur
466 2621 488 2641 et
511 2617 544 2641 (ἱ.

77 2654 150 2673 uento
169 2653 192 2672 et
206 2650 266 2673 mari
280 2653 302 2673 et
316 2650 383 2672 siluit
396 2651 422 2673 J.

907 2069 934 2092 >
949 2065 980 2088 ie·

566 2588 591 2610 >
607 2584 644 2607 itis
664 2585 687 2607 in
706 2592 761 2608 nan.
780 2585 805 2608 ι]-
840 2593 885 2608 em.
904 2586 977 2609 facta

588 2622 686 2640 uentum
709 2618 731 2640 G
753 2625 809 2640 aur.
845 2618 976 2648 increpauit

1626 255 1681 287 177

1169 335 1192 357 K
1206 335 1281 358 Harl.
1297 340 1359 366 2790
1371 336 1452 358 Nam.
1466 334 1552 357 Bamb.

1038 656 1104 684 VII.
1129 656 1173 684 De
1189 656 1334 694 discipulis
1350 657 1469 685 sabbato
1485 657 1562 694 spica
1578 657 1684 686 uellen-

1078 704 1161 731 tibus.

1038 797 1120 826 VIII.
1143 798 1189 826 De
1206 797 1333 825 hominis
1347 807 1467 826 manum
1483 798 1591 826 aridam
1608 799 1685 827 sani-

1078 846 1128 872 tati
1143 845 1308 873 restitutam.

1037 1004 1136 1033 VIIII.
1159 1005 1204 1033 De
1227 1005 1399 1042 populorum
1422 1011 1569 1034 conuentu
1592 1011 1618 1033 et
1642 1006 1684 1033 in-

1078 1052 1229 1080 firmorum
1249 1053 1411 1080 curationes
1437 1053 1592 1081 duodecim
1615 1062 1684 1090 apo-

1077 1099 1216 1127 stolorum
1232 1099 1405 1127 nominibus.

1037 1368 1073 1395 X.
1097 1367 1141 1395 De
1156 1368 1325 1396 iudaeorum
1338 1368 1518 1406 blasphemia
1534 1374 1560 1396 et
1573 1369 1607 1397 de
1623 1378 1683 1397 ma-

1078 1420 1118 1442 tre
1134 1415 1182 1443 dfii
1199 1415 1244 1443 uel
1261 1415 1401 1443 fratribus.

1037 1462 1088 1490 XI.
1113 1462 1285 1490 Parabolam
1306 1463 1473 1491 seminantis
1494 1468 1520 1491 et
1541 1463 1683 1490 seminum

1077 1509 1264 1537 diuersorum.

1034 1728 1101 1756 XII.
1124 1729 1168 1757 De
1191 1729 1316 1758 hominis
1339 1730 1506 1758 seminantis
1532 1740 1630 1758 semen
1656 1736 1682 1758 et

1076 1777 1209 1804 metentis
1248 1782 1275 1805 et
1319 1777 1427 1814 sinapis
1465 1777 1681 1805 similitudinem

1073 1824 1163 1860 grani.

1033 1870 1115 1898 XIII.
1139 1870 1182 1899 De
1195 1871 1400 1908 discipulorum
1416 1871 1443 1898 in
1460 1871 1530 1899 mari
1546 1871 1681 1908 periculo.

1066 2059 1151 2083 VIIII.
1170 2061 1328 2083 curationes
1339 2066 1355 2083 ÷
1364 2059 1393 2082 de
1406 2059 1493 2083 Bamh.
