2209 3147
1038 382 1269 423 CAPITU
1279 383 1356 422 LA
1399 383 1465 423 IN

376 489 495 519 capitula
507 492 606 512 exstant
617 489 645 512 in
659 489 882 513 ABCDH’GHQJ
888 490 1009 520 *kcapilula
1021 494 1044 514 et
1055 490 1326 521 hreues)KOQTVXY
1336 498 1392 514 aur.

373 530 406 552 ln
420 529 452 552 W
465 530 570 553 hahetur
580 533 681 553 tantum
696 530 779 553 breuis
792 530 938 561 capitulatio
955 534 983 554 ut
999 533 1116 563 sequitur
1127 531 1166 555 De
1182 533 1277 556 uisione
1292 532 1403 556 zacharie
1421 532 1462 563 qui
1481 533 1582 555 uerbum
1601 532 1685 563 angeli
1703 532 1761 563 quia
1778 541 1826 556 non
1845 533 1950 557 credidit

340 571 464 594 obmutuit
475 579 480 598 ;
494 570 621 595 Elisabeth
633 579 694 594 uxor
705 572 756 594 eius
769 572 889 602 concepit.
922 572 999 596 maria
1011 573 1109 604 quando
1121 573 1152 596 de
1164 575 1209 604 spu
1222 575 1264 597 sco
1276 572 1416 604 concipiens
1428 572 1544 596 salutauit
1557 573 1677 597 elisabeth
1688 582 1694 603 ;
1711 573 1832 598 elisabeth
1845 574 1950 598 salutata

341 612 496 642 prophetauit
509 615 532 636 et
545 612 639 643 pepen't
652 620 657 639 ;
675 616 698 635 et
711 616 737 635 ut
750 620 840 636 nomen
853 613 899 635 filii
912 612 948 636 sui
961 613 1075 637 iohannis
1087 614 1211 637 zacharias
1223 614 1319 645 scripsit
1330 623 1335 642 ;
1353 614 1449 637 locutus
1461 618 1504 637 est.

373 653 472 676 Desunt
483 654 593 684 capitula
607 654 635 676 z'n
648 653 691 676 EF
694 653 779 676 LMNF
781 654 831 683 RZ,
845 657 867 677 et
879 661 926 684 vg,
937 654 1132 686 cditionz‘busque
1144 655 1258 686 antiquis
1270 663 1318 678 exc.
1332 655 1420 678 li‘esler
1429 655 1489 684 1487
1503 662 1565 685 quae
1572 658 1627 685 post
1635 654 1816 686 praefiztz‘oncm
1831 656 1866 679 ila
1880 656 1950 679 habet

341 694 431 725 Incipit
444 694 573 725 registrum
586 695 610 718 in
624 695 717 718 Lucam
730 695 798 718 cuius
811 699 867 718 sunt
880 696 968 726 uiginti
981 700 1086 726 quatuor
1098 697 1207 728 capitula
1218 705 1223 725 ;
1242 696 1328 720 deinde
1339 699 1481 726 sequuntur
1492 696 1609 726 capitula.

1512 383 1947 424 EUANGELIUM

501 827 603 851 AHVY
611 829 688 852 Harl.
705 834 775 860 2797,

337 871 474 894 Edidimus
489 880 519 895 ex
535 873 610 896 codice
622 873 645 896 A
660 874 706 902 (cd.
722 875 813 903 Tisch.)
827 883 882 897 cum
895 875 938 898 col-

366 953 391 980 p.
407 956 460 980 305,
474 950 518 973 ubi
527 958 558 973 ex
572 951 593 973 V
607 955 688 974 nostro
701 952 832 982 impressit.

338 1111 359 1138 1.
385 1111 564 1141 Praefatione
583 1113 662 1142 lucas
680 1114 828 1151 theophilo
849 1125 940 1143 euan-
964 1115 966 1118 ⁴

378 1160 486 1196 gelium
513 1161 620 1189 indicat
649 1171 700 1198 per
730 1162 862 1190 ordinem
889 1163 937 1190 de·
965 1199 966 1209 γ

378 1207 561 1244 scripturum.

338 1251 377 1280 II.
401 1252 602 1281 Sacerdotium
628 1255 692 1282 iusti
719 1255 866 1284 zachariae
893 1266 938 1284 re-

378 1346 451 1374 filius
470 1348 576 1384 angelo
596 1349 741 1377 reuelante
762 1350 939 1386 promittitur

378 1394 536 1422 nasciturus
562 1395 643 1423 cuius
668 1396 755 1424 etiam
785 1398 938 1434 conceptio

377 1447 561 1469 memoratur.

337 1486 390 1515 III.
415 1487 523 1516 Missus
544 1490 663 1526 angelus
680 1490 715 1518 ad
734 1492 855 1519 mariam
872 1501 937 1520 nas·
965 1530 966 1533 Ἴ

377 1535 499 1563 citurum
526 1536 651 1573 loquitur
678 1537 853 1566 saluatorem
879 1548 937 1576 quo

377 1591 445 1610 mox
466 1590 611 1621 concepto
634 1585 772 1613 salutatur
794 1586 831 1613 ab
854 1586 936 1613 elisa-

377 1629 444 1657 beth
469 1630 616 1659 exultante
642 1631 671 1659 in
698 1638 781 1660 utero
811 1633 937 1661 iohanne

378 1676 455 1704 unde
477 1683 543 1713 post
565 1678 593 1705 iii
615 1687 731 1707 menses
758 1688 872 1708 reuersa
895 1685 937 1708 est

378 1723 407 1750 in
424 1723 543 1751 domum
560 1734 650 1753 suam.

336 1769 407 1797 1111.
432 1769 510 1798 Nato
526 1771 652 1800 iohanne
665 1781 723 1800 uox
735 1773 842 1811 eloquii
856 1780 937 1803 muto

378 1816 505 1845 redditur
541 1819 615 1855 patri
652 1819 718 1847 ilico
752 1820 937 1857 prophetanti

377 1873 449 1900 puer
463 1865 493 1891 in
509 1864 623 1894 deserto
639 1872 681 1894 est
702 1876 792 1904 usque
812 1868 841 1895 in
860 1868 936 1896 diem
963 1902 965 1912 y

378 1912 553 1940 ostensionis
569 1921 638 1940 suae
654 1913 690 1941 ad
705 1914 815 1942 israhel.

338 2005 373 2032 V.
398 2005 531 2033 Refertur
546 2006 672 2035 edictum
693 2009 817 2037 caesaris
838 2014 866 2037 et
886 2019 936 2037 na-
963 2012 964 2019 ¹

378 2053 472 2080 tiuitas
488 2052 585 2081 christi
600 2055 764 2090 pastoribus
780 2057 817 2084 ab
832 2057 937 2093 angelo
963 2064 965 2068 ’

378 2099 523 2127 nuntiatur
537 2110 603 2128 cum
624 2110 683 2139 quo
698 2103 828 2131 caelestis
842 2103 936 2131 multi-

377 2147 448 2175 tudo
459 2147 534 2174 canit
546 2147 636 2185 gloria
651 2149 680 2177 in
696 2150 817 2178 excelsis
832 2150 895 2179 deo.

338 2193 389 2221 VI.
413 2194 532 2231 Angelis
548 2195 790 2225 descendentibus
806 2202 937 2234 pastores

379 2240 499 2277 profecti
529 2242 703 2271 saluatorem
729 2244 759 2271 in
785 2245 937 2282 praesepio

379 2288 504 2325 positum
531 2297 718 2326 reppererunt
740 2292 827 2320 deum
850 2301 937 2329 super

379 2335 423 2362 his
439 2344 513 2372 quae
529 2336 666 2365 uidebant
682 2339 900 2367 conlaudantes.

1063 832 1132 861 (ΧΤ)
1151 832 1235 856 Thom.
1248 833 1270 855 I.
1279 836 1305 862 p.
1320 839 1374 861 334.

966 895 967 898 ,
993 876 1130 900 Edidimus
1147 886 1177 901 cx
1194 878 1270 901 [allice
1286 878 1306 901 C
1325 877 1444 900 adhibitis

369 911 462 934 latione
470 911 534 934 codd.
546 912 615 941 rz'll.;
632 912 662 943 cf.
680 913 704 936 T
701 913 841 936 homasinm
855 915 902 937 uel.
917 915 938 937 l.
966 925 967 939 ι

1026 916 1054 938 in
1078 917 1172 940 nolulz's
1196 917 1279 940 uariis
1301 916 1444 940 lectionibus

1025 955 1129 986 exceplz's
1153 956 1185 978 iis
1208 964 1271 986 quac
1293 955 1328 978 ad
1349 962 1441 978 meram

1024 994 1228 1025 orthographiam
1240 998 1354 1025 spectant.
1388 994 1442 1017 Lit-

1024 1036 1090 1056 terae
1103 1033 1226 1064 m'griores
1236 1033 1264 1056 in
1274 1033 1349 1056 codice
1359 1033 1441 1056 rubri-

1024 1075 1090 1095 catae
1102 1076 1169 1095 sunt.

994 1117 1099 1140 Collalia
1122 1118 1289 1148 capitulormn
1314 1117 1400 1141 codicis
1420 1118 1442 1140 T
1468 1131 1469 1141 η

1025 1156 1093 1179 nobis
1106 1164 1155 1179 non
1164 1160 1262 1187 praesto
1273 1160 1335 1180 erat.

965 1259 967 1293 ᾗ
991 1258 1019 1285 Ι.
1050 1258 1249 1285 Zaeeharias
1278 1259 1352 1285 uiso
1385 1266 1441 1285 an-

378 1299 466 1327 fertur
492 1306 519 1328 et
545 1301 620 1329 uisio
646 1303 675 1328 in
699 1302 810 1339 templo
834 1312 891 1340 qua
913 1304 938 1331 ei
965 1313 966 1316 ¹

1073 1306 1148 1337 gelo
1170 1305 1251 1338 quia
1276 1313 1344 1332 non
1370 1313 1440 1333 ere-

1073 1352 1160 1379 didit
1178 1353 1384 1380 hobmutuit.

1033 1398 1199 1426 Aelisabeth
1244 1398 1337 1426 huxor
1380 1399 1440 1427 eius

1073 1445 1214 1482 concepit.

1034 1491 1128 1520 Maria
1144 1501 1261 1529 quoque
1284 1493 1320 1520 de
1341 1493 1439 1530 spiritu

1073 1543 1123 1567 sco
1146 1549 1235 1576 quum
1262 1541 1441 1577 concepisset

1074 1587 1205 1614 salutauit
1221 1587 1389 1616 helisabeth.

1032 1633 1199 1662 Aelisabeth
1225 1634 1346 1662 salutata
1374 1644 1440 1672 pro·
1467 1623 1468 1654 l

1074 1680 1201 1718 phetauit
1217 1688 1244 1709 et
1260 1682 1377 1718 peperit.

1032 1775 1069 1802 Et
1099 1775 1149 1803 hut
1181 1785 1291 1804 nomen
1321 1777 1370 1804 filii
1397 1777 1440 1805 sui

1074 1822 1215 1850 Iohannis
1276 1824 1440 1852 zaccharias

1073 1870 1183 1906 scripsit
1194 1870 1306 1899 locutus
1316 1877 1376 1899 aest
1386 1871 1438 1900 hac

1074 1917 1162 1944 filium
1179 1918 1354 1954 praeiturum
1373 1925 1439 1947 ante
1465 1926 1467 1943 =

1072 1964 1223 1992 dominum
1240 1965 1429 2002 prophetauit.

1032 2009 1227 2047 Posteaquam
1248 2014 1358 2050 peperit
1375 2013 1438 2041 Ma-

1073 2058 1113 2086 ria
1142 2059 1207 2086 ihm
1237 2060 1376 2088 infantem
1410 2062 1439 2089 in

1072 2106 1223 2143 praesepio
1238 2108 1342 2144 posuit.

1031 2198 1128 2234 Quem
1141 2207 1270 2237 pastores
1280 2202 1357 2230 iuxta
1368 2202 1437 2230 han·
1464 2229 1465 2244 ἶ

1072 2247 1201 2282 gelorum
1229 2248 1333 2277 indicia
1358 2250 1437 2278 inue-
1464 2261 1465 2292 }

1072 2294 1161 2321 niunt.

372 2409 390 2432 Ι.
410 2409 530 2440 praefatio
544 2410 577 2434 H.

374 2441 420 2465 111.
440 2450 484 2465 om.
499 2445 533 2465 ab
546 2443 623 2466 Harl.

373 2474 402 2497 V.
420 2482 465 2497 om.
479 2478 506 2498 et
519 2476 596 2498 Harl.
610 2477 634 2499 T
631 2477 693 2500 hom.
729 2480 857 2502 caelestis
866 2487 883 2503 4-
892 2480 935 2502 mi-

339 2507 407 2530 litiae
426 2507 561 2532 HYIJm-l.
576 2509 660 2533 Thom.
695 2512 748 2534 deo
763 2518 780 2534 ψ
795 2516 818 2534 et
833 2512 856 2534 in
876 2516 936 2536 terra

340 2547 387 2569 pax
400 2543 438 2562 etc
452 2539 485 2564 H.

372 2571 415 2594 VI.
434 2571 613 2597 discedentibus
628 2575 651 2598 H
664 2576 776 2600 Har-Lm·
787 2577 870 2600 Thom.
902 2579 937 2601 ui·
962 2590 964 2608 χ

338 2604 423 2628 derant
437 2604 470 2629 H.

1022 2414 1040 2437 1.
1050 2416 1214 2439 zaccharias
1223 2423 1240 2439 4-
1249 2417 1350 2441 offerens
1359 2419 1391 2441 al.
1398 2423 1436 2449 ap.
1464 2410 1465 2413 Ἴ

961 2441 963 2452 x
993 2447 1077 2471 Thoan.

1124 2450 1199 2472 aelia.
1229 2451 1364 2474 salutata:
1395 2452 1437 2475 illa

989 2480 1093 2503 salutata
1114 2481 1186 2505 Alex.
1210 2488 1245 2512 14.
1281 2483 1429 2507 Iohannes-v-

988 2517 1051 2536 esset
1068 2514 1092 2536 T
1090 2513 1152 2537 hom.

1499 829 1723 860 BoJ<l1reuesijX
1730 830 1789 852 Par.
1796 830 1852 853 Lat.
1861 832 1948 860 10438.

1499 874 1536 904 Cs.
1556 875 1640 898 Thom.
1654 875 1710 905 Lp.
1726 881 1780 905 340.

1495 914 1634 936 Edidz'mus
1649 921 1680 936 ex
1695 914 1771 936 codice
1783 914 1806 937 X
1821 917 1844 937 et
1859 915 1948 938 uarias

1527 952 1640 975 lectiones
1658 952 1762 983 cxscptis
1781 953 1814 975 iis
1835 961 1897 983 quae
1915 953 1950 976 ad

1527 991 1730 1021 orthographiam
1764 995 1880 1022 spectant,
1918 993 1946 1015 in

1529 1031 1623 1053 natulis
1635 1030 1804 1053 adhibuimus.

1495 1256 1517 1285 Ι.
1556 1256 1709 1285 Zacharias
1745 1257 1848 1294 angelo
1886 1267 1944 1286 non

1535 1304 1656 1332 credens
1671 1305 1813 1332 obmutuit

1493 1407 1526 1426 ac
1568 1404 1758 1435 posteaquam
1804 1398 1943 1427 elisabeth

1534 1445 1644 1481 peperit
1660 1446 1772 1473 locutus
1787 1451 1828 1473 est
1840 1446 1943 1474 zacha-

1535 1492 1591 1520 rias
1605 1497 1632 1520 et
1648 1492 1833 1529 prophetauit

1493 2010 1625 2038 natiuitas
1668 2011 1716 2039 i'hu
1753 2013 1789 2040 ab
1832 2014 1940 2050 angelis

1533 2058 1694 2094 pastoribus
1710 2059 1831 2088 indicata

1525 2421 1543 2445 1.
1563 2423 1704 2445 zacharias
1715 2441 1719 2446 .
1731 2439 1736 2445 .
1748 2441 1752 2445 .
1766 2425 1879 2447 eredens
1892 2432 1938 2447 om.

1491 2454 1521 2477 O.
1559 2456 1633 2477 zach.
1643 2462 1657 2478 4
1669 2455 1722 2478 uiso
1742 2456 1784 2478 Be>
1798 2456 1880 2480 Thom.
1915 2461 1939 2479 et

1490 2491 1650 2518 posteaquam
1680 2488 1709 2511 O.
1744 2487 1867 2512 elesabeth
1894 2489 1938 2512 O*.

1463 2513 1464 2538 l
1489 2519 1577 2550 angelo
1590 2520 1616 2543 J.
1652 2520 1773 2543 indicatur
1787 2521 1846 2544 Bos
1854 2522 1938 2545 rhum.
