2258 3157
458 269 481 288 x
563 257 839 287 PRAEFATIO.
888 258 983 287 CAP.
1009 257 1077 287 llJ.
1127 257 1343 287 CODJCIJM
1367 257 1659 287 NOSTRORUM
1683 258 1940 288 ELENCHUS.

457 343 721 379 humanissimus,
746 349 777 374 et
808 343 1028 384 bibliographi
1060 343 1127 373 duo
1158 343 1224 373 iam
1255 343 1401 374 celebres
1428 344 1591 374 Henricus
1616 344 1741 375 Omont
1766 349 1799 375 et
1823 345 1962 385 Ulysses

459 395 596 431 Robert,
612 396 695 425 alter
714 396 813 426 etiam
832 395 1043 425 Pentateuchi
1067 395 1296 435 Lugdunensis
1313 396 1428 431 editor,
1446 395 1566 426 Paulus
1587 396 1704 435 Meyer
1724 396 1962 427 Oxoniensium

457 448 589 484 amicus,
605 447 640 478 C.
660 447 796 483 Kohler,
810 447 853 477 H.
867 447 1020 482 Trianon‚
1035 447 1200 486 ceterique
1217 447 1248 477 in
1266 447 1467 478 bibliotheca
1485 448 1642 478 nationali
1660 453 1691 478 et
1709 448 1739 477 in
1757 448 1828 478 aliis
1842 448 1962 478 biblio-

457 499 559 530 thecis
583 509 693 529 curam
721 499 870 529 codicum
901 499 1198 539 manuscriptorum
1224 504 1369 539 agentes,
1395 505 1427 530 et
1452 500 1644 539 praesertim
1672 499 1806 530 Samuel
1832 499 1962 540 Berger‚

457 551 662 590 Theologiae
680 551 763 580 inter
777 551 1000 581 Protestantes
1013 550 1186 588 Professor,
1197 551 1253 590 qui
1265 556 1393 581 tantum
1414 552 1455 582 de
1472 551 1589 581 studiis
1607 551 1740 582 Biblicis
1758 552 1788 581 in
1804 551 1912 582 Gallia
1930 556 1963 582 et

456 603 536 632 alibi
558 603 684 632 meruit.
732 602 787 631 Ex
806 602 1108 633 Mediolanensibus
1129 601 1211 632 Ant.
1230 603 1277 632 M.
1299 602 1436 640 Ceriani,
1456 603 1666 633 doctissimus
1690 608 1722 633 et
1747 603 1963 641 dulcissimus,

457 659 488 684 et
514 655 713 684 Fortunatus
736 654 827 684 Uilla
852 654 1099 694 euangeliorum
1123 653 1187 695 (M)
1212 654 1483 695 diligentissimus
1503 655 1698 694 exscriptor.
1745 655 1800 685 Ex
1828 655 1963 686 Floren-

456 705 531 736 tinis
551 706 708 736 Nicolaus
727 705 868 736 Anziani
890 705 1154 736 humanissimus.
1202 706 1257 736 Ex
1281 707 1440 737 Romanis
1465 707 1754 737 Eminentissimus
1779 706 1963 738 Cardinalis

458 757 483 787 Ι,
502 757 537 786 B.
557 757 652 790 Pitra,
669 762 701 787 et
725 757 794 787 Ioh.
814 757 923 798 Bollig
938 758 993 797 qui
1017 758 1157 788 multum
1182 758 1213 788 in
1233 758 1431 789 bibliotheca
1453 758 1615 789 Uaticana
1632 769 1691 789 nos
1713 759 1859 795 adiuuit3
1885 759 1964 789 Bar-

456 809 596 843 nabitae,
625 809 826 839 Uercellonii
858 810 963 846 amici,
994 814 1027 840 et
1061 810 1253 849 praesertim
1281 809 1320 840 G.
1350 810 1390 840 E.
1425 809 1541 850 Sergio
1572 815 1605 841 et
1639 809 1776 841 Carolus
1810 810 1963 847 Stellati;

457 861 620 891 Iohannes
642 861 790 900 Baptista
815 862 856 891 de
877 861 974 892 Rossi
992 872 1090 901 quem
1113 863 1191 892 satis
1213 867 1262 892 est
1285 862 1369 892 inter
1388 862 1503 893 doctos
1522 862 1713 900 nominare3
1739 862 1778 893 G.
1802 863 1963 900 Palmieri,

457 912 491 943 S.
510 912 601 943 Pauli
626 918 720 943 extra
746 923 855 943 muros
876 914 1076 949 monachus3
1100 919 1132 944 et
1154 914 1210 953 qui
1233 924 1368 953 operam
1393 914 1496 944 nostri
1515 914 1620 954 gratia
1642 915 1674 944 in
1699 914 1865 945 codicibus
1886 925 1963 945 con-

456 964 597 995 ferendis
614 964 664 995 uel
683 965 907 995 exscribendis
924 965 1131 996 contulerunt
1148 965 1192 996 A.
1210 966 1300 1003 Mau,
1319 965 1389 996 Ioh.
1408 965 1509 1003 Gaui,
1529 966 1691 1006 Iosephus
1709 966 1854 1003 Masteri,
1872 971 1905 997 et
1923 966 1962 997 G.

456 1016 632 1055 Meyncke,
644 1017 698 1056 qui
713 1018 857 1047 codicem
874 1018 1093 1057 Reginensem
1107 1017 1332 1058 Epistularum
1348 1017 1555 1048 Paulinarum
1568 1018 1707 1048 contulit
1723 1030 1730 1055 ;
1755 1023 1787 1048 et
1801 1019 1832 1047 in
1848 1018 1964 1048 biblio-

455 1068 552 1099 theca
569 1069 730 1099 ‘Vittorio
749 1069 983 1099 Emmanuele'
1000 1070 1088 1100 dicta
1107 1070 1262 1110 praefecti
1281 1069 1333 1100 uel
1352 1069 1594 1110 uice-praefecti
1616 1070 1658 1099 D.
1677 1069 1796 1109 Gnoly‚
1815 1070 1964 1109 Ignatius

457 1120 571 1159 Giorgi
596 1126 627 1150 et
649 1121 792 1151 Martini.
834 1121 887 1151 Ex
907 1120 1135 1152 Cassinatibus
1161 1121 1252 1152 Prior
1276 1121 1373 1161 Krug
1390 1126 1421 1152 et
1445 1121 1509 1151 alii.
1552 1121 1606 1151 Ex
1625 1121 1829 1152 Cauensibus
1846 1121 1964 1152 Abbas

456 1172 626 1209 Morcaldi,
643 1183 727 1203 nunc
746 1173 941 1213 Episcopus,
958 1178 990 1203 et
1007 1174 1048 1204 de
1066 1173 1245 1213 Stephano.
1285 1173 1340 1203 Ex
1359 1173 1608 1203 Matritensibus
1624 1172 1650 1202 I.
1670 1174 1703 1203 F.
1722 1174 1762 1203 de
1784 1173 1897 1208 Riafio,
1915 1174 1963 1203 in-

455 1224 636 1255 stitutionis
653 1225 803 1264 publicae
816 1225 977 1261 Director‚
988 1230 1020 1255 et
1038 1225 1192 1264 praefecti
1210 1225 1419 1256 bibliothecis
1433 1225 1603 1255 Nationali
1616 1230 1648 1255 et
1661 1225 1836 1255 Societatis
1849 1225 1963 1256 Histo-

455 1277 540 1306 ricae
561 1281 593 1306 et
618 1277 808 1316 praesertim
827 1276 962 1307 Manuel
975 1278 1017 1307 de
1038 1276 1252 1311 Goicoechea,
1270 1282 1301 1307 et
1321 1277 1345 1306 Ι.
1364 1277 1486 1308 Mufioz
1503 1288 1525 1316 y
1544 1277 1672 1313 Rivero,
1691 1277 1962 1317 palaeographus.

455 1327 510 1358 Ex
528 1328 790 1368 Legionensibus
808 1329 942 1359 Manuel
961 1328 1072 1359 Urefia
1090 1334 1121 1359 et
1139 1329 1286 1359 canonici
1308 1328 1341 1359 S.
1361 1329 1478 1359 Isidori
1494 1333 1525 1359 et
1544 1328 1713 1359 Ecclesiae
1732 1328 1948 1359 Cathedralis.

542 1380 673 1420 Quibus
691 1381 844 1411 omnibus
860 1382 982 1420 gratias
999 1386 1032 1411 et
1048 1381 1209 1412 habemus
1229 1386 1261 1411 et
1283 1380 1479 1411 habebimus
1496 1385 1528 1411 et
1550 1390 1634 1411 nunc
1652 1381 1775 1411 viterum
1801 1391 1843 1410 ex
1865 1381 1964 1411 corde

453 1442 589 1472 agimus.

629 1517 713 1548 CAP.
735 1518 799 1550 III.
827 1517 976 1549 Codicum
992 1517 1138 1549 elenchus
1153 1528 1230 1557 qnos
1245 1519 1279 1549 in
1295 1517 1472 1559 euangeliis
1480 1522 1632 1558 perpetuo
1648 1518 1794 1548 citamus.

542 1578 685 1609 HORUM
709 1579 859 1610 codicum
883 1584 1059 1609 stemmata
1083 1589 1290 1619 componere,
1309 1584 1345 1609 ut
1369 1579 1469 1611 modo
1493 1579 1648 1616 diximus,
1666 1578 1722 1608 uix
1745 1578 1814 1608 ausi
1838 1588 1961 1608 sumus.

454 1629 625 1670 Optimam
639 1641 716 1660 uero
733 1635 845 1661 textus
863 1630 1002 1661 formam
1021 1631 1174 1661 uidentur
1186 1631 1380 1671 plerumque
1397 1631 1553 1661 exhibere
1570 1630 1612 1667 A,
1626 1630 1678 1671 (Δ,
1696 1629 1743 1670 S),
1760 1630 1801 1667 Y,
1820 1629 1890 1667 H*,
1910 1630 1940 1661 U
1955 1641 1962 1665 3

454 1681 534 1719 ΞΡῆς
553 1682 599 1718 F;
624 1683 659 1712 M
674 1695 681 1719 3
699 1682 739 1718 O,
760 1683 792 1712 X
809 1681 873 1723 (Xc
889 1683 992 1713 fere:
1009 1681 1075 1723 A);
1094 1682 1151 1713 Z*.
1198 1682 1330 1713 Codicis
1347 1682 1377 1713 G
1394 1683 1499 1713 scriba
1516 1688 1550 1713 ut
1568 1683 1637 1721 ipse
1653 1682 1699 1712 ait
1716 1682 1756 1712 de
1771 1682 1812 1712 U.
1829 1682 1868 1712 T.
1883 1685 1888 1698 ‘
1904 1692 1963 1722 per

455 1744 570 1764 omnes
595 1735 724 1765 codices
745 1735 898 1765 oberrans
918 1732 1099 1765 editiones'
1116 1735 1317 1774 perquisiuit.
1366 1735 1403 1764 In
1427 1735 1469 1765 N.
1487 1734 1526 1764 T.
1544 1744 1618 1764 cum
1643 1734 1799 1764 lectiones
1819 1734 1962 1774 optimas

455 1785 737 1825 Hieronymianas,
754 1791 825 1816 tum
846 1787 1059 1817 correctiones
1076 1797 1119 1816 ex
1137 1796 1254 1826 graeco
1275 1792 1306 1817 et
1324 1791 1450 1817 ueteres
1470 1786 1623 1817 lectiones
1642 1786 1813 1815 immixtas
1830 1785 1939 1816 habet.

499 1837 581 1867 Boni
601 1842 677 1868 sunt
698 1838 733 1874 B,
752 1838 776 1874 Ι,
794 1838 823 1877 J,
841 1837 891 1874 Ns,
909 1838 942 1874 P,
959 1839 1016 1868 sed
1042 1839 1099 1868 uix
1124 1843 1285 1878 quantum
1304 1839 1412 1869 forsan
1432 1848 1475 1868 ex
1495 1838 1692 1877 antiquitate
1712 1837 1821 1877 colligi
1846 1837 1960 1877 possit.

455 1888 510 1918 Ex
531 1899 595 1919 una
615 1889 739 1920 familia
758 1895 832 1920 sunt
852 1890 893 1927 D,
911 1890 949 1926 E,
967 1890 1004 1926 L,
1021 1889 1061 1929 Q,
1081 1890 1119 1927 R,
1137 1889 1187 1920 uel
1205 1900 1247 1920 ex
1266 1890 1434 1925 Hibernia,
1453 1889 1504 1919 uel
1529 1900 1572 1919 ex
1590 1889 1706 1925 Gallia,
1724 1888 1776 1918 uel
1798 1889 1897 1919 etiam
1918 1899 1961 1919 ex

455 1940 624 1971 Britannia
655 1946 735 1972 orta.
784 1942 821 1971 In
848 1942 899 1971 his
927 1942 1147 1972 correctiones
1174 1952 1217 1971 ex
1246 1942 1371 1982 graecis
1398 1942 1568 1972 codicibus
1598 1941 1784 1980 frequenter
1809 1941 1960 1980 agnosci-

455 2003 528 2022 mus
552 1998 584 2023 et
609 1993 765 2023 lectiones
790 1994 899 2033 magni
925 1993 1030 2033 pretii.
1081 1993 1199 2032 Neque
1222 1993 1354 2023 difficile
1378 1993 1474 2023 suerit
1499 1993 1719 2023 recensionem
1746 1992 1959 2022 Hibernicam

454 2045 609 2084 uulgatae
649 2045 929 2084 Hieronymianae
966 2055 1008 2075 ex
1043 2044 1094 2074 his
1125 2045 1352 2084 similibusque
1386 2045 1555 2075 codicibus
1588 2053 1795 2083 componere.
1842 2042 1909 2073 Sed
1941 2053 1961 2073 a

453 2106 520 2136 quo
548 2096 599 2126 uel
628 2097 747 2136 quibus
775 2102 807 2127 et
835 2097 967 2136 quando
1000 2096 1086 2126 facta
1117 2097 1159 2126 sit
1191 2097 1249 2126 uix
1282 2096 1421 2126 inueniri
1453 2100 1572 2136 potest,
1603 2104 1803 2134 quamquam
1835 2094 1961 2124 scribae

455 2148 595 2178 Hiberni
630 2154 663 2179 et
697 2148 980 2188 Anglo-Britanni
1014 2148 1055 2178 de
1094 2158 1128 2178 se
1161 2148 1251 2187 loqui
1288 2158 1353 2178 non
1386 2148 1470 2178 adeo
1504 2147 1589 2178 tardi
1618 2147 1692 2176 sint.
1740 2146 1961 2176 Recensiones

454 2201 537 2230 aliae
562 2201 637 2237 duo,
661 2200 861 2231 Alcuiniana
885 2200 943 2239 (K,
967 2199 1011 2240 V)
1034 2205 1065 2230 et
1096 2199 1337 2230 Theodulfiana
1364 2197 1411 2240 (H
1438 2204 1471 2230 et
1490 2199 1553 2235 H1,
1580 2198 1631 2239 Θ),
1657 2198 1771 2228 melius
1797 2198 1960 2228 historicis

455 2257 553 2282 notae
580 2257 662 2282 sunt.
709 2252 857 2292 Quarum
884 2252 1082 2282 Alcuiniana
1108 2252 1224 2282 melior
1253 2252 1391 2287 uidetur,
1420 2256 1452 2281 et
1479 2261 1576 2291 saepe
1604 2250 1819 2280 correctiones
1845 2255 1960 2285 certas,

455 2305 512 2334 sed
533 2304 727 2345 plerumque
749 2305 780 2334 in
802 2305 898 2334 rebus
918 2304 1013 2344 pretii
1035 2304 1179 2338 minoris,
1198 2304 1334 2334 exhibet
1345 2302 1366 2333 ¹.
1413 2302 1554 2343 Hispani
1575 2307 1685 2332 autem
1711 2301 1837 2332 codices
1854 2299 1960 2341 (C,T)

455 2360 568 2386 textus
601 2357 737 2387 sormam
771 2356 966 2396 singularem
999 2356 1167 2396 praebent,
1201 2365 1300 2395 quam
1337 2365 1397 2385 nos
1428 2365 1500 2385 raro
1534 2354 1722 2394 accipimus.
1783 2353 1959 2383 Lectiones

455 2412 567 2438 tamen
590 2409 698 2447 magni
716 2408 810 2447 pretii
828 2408 859 2437 in
876 2408 1040 2438 ambobus
1058 2408 1272 2447 reperiuntur.
1320 2407 1460 2437 Formae
1477 2406 1669 2436 Amiatinae
1686 2405 1818 2444 propior
1834 2404 1959 2434 accedit

458 2458 483 2488 C
509 2460 563 2498 qui
589 2461 696 2489 codex
721 2460 801 2490 mira
825 2470 899 2489 cum
924 2460 1103 2499 diligentia,
1121 2459 1272 2499 quamuis
1295 2458 1529 2498 orthographia
1549 2457 1680 2498 propria
1693 2455 1712 2493 Ζ,
1736 2456 1875 2495 scriptus
1899 2461 1958 2486 est.

457 2510 604 2540 Ultimus
621 2511 761 2550 denique
778 2511 959 2541 censendus
976 2516 1024 2541 est
1044 2511 1126 2541 inter
1143 2511 1272 2541 codices
1291 2515 1419 2540 nostros
1436 2509 1487 2545 W,
1505 2519 1547 2539 sc.
1563 2507 1719 2538 willelmi
1737 2507 1778 2537 de
1796 2506 1909 2542 Hales,
1927 2507 1958 2536 in

457 2572 551 2591 usum
565 2562 696 2592 scholae
709 2563 862 2593 ecclcsiae
876 2567 1005 2592 nostrae
1020 2562 1270 2592 Sarisburiensis
1284 2561 1590 2601 co11scriptuS‚circa
1604 2565 1734 2599 tempus
1746 2558 1845 2598 ipsius
1856 2558 1958 2588 eccle-

493 2625 499 2639 ¹
522 2628 563 2652 De
589 2627 758 2660 praestantia
784 2628 886 2653 codicis
912 2627 1086 2654 Uallicellani
1114 2627 1185 2653 inter
1204 2627 1384 2653 Alcuinianos
1405 2626 1438 2652 cs.
1459 2627 1534 2652 Sam.
1556 2626 1658 2658 Berger
1677 2624 1709 2649 de
1725 2622 1860 2649 l’lu‘stoire
1878 2623 1911 2648 de
1929 2622 1958 2647 la

462 2668 578 2701 l’ulgatc
591 2677 623 2693 sn
638 2669 753 2699 Franz‘c,
769 2678 792 2701 p.
807 2670 830 2694 6.
861 2669 942 2695 Paris.
963 2670 1036 2701 1887.
1407 2666 1417 2681 ²
1438 2667 1512 2693 Uide
1527 2666 1595 2691 infra
1610 2674 1635 2698 p.
1651 2665 1746 2690 xxxvii.
