2209 3147
391 267 407 299 7
414 268 451 300 32
1023 258 1132 287 EPJL
1140 258 1196 287 OG
1204 258 1265 287 HS.

652 352 790 384 responsis;
816 352 869 376 lah.
887 351 931 376 xii.
951 358 980 383 29
1001 351 1123 380 dicebant,
1143 352 1192 375 xiv.
1213 358 1242 375 10
1262 351 1368 380 creditis,
1392 358 1421 381 23
1446 351 1591 375 mansiones.
1630 351 1794 382 Exceptiones
1814 354 1896 375 tamen

653 392 781 423 pauciores
801 399 904 415 numero
924 395 988 421 sunt,
1010 391 1045 415 ita
1065 395 1091 415 ut
1111 391 1263 415 consuetudo
1287 391 1449 415 abbreuiandi
1471 399 1517 422 pro
1541 398 1598 414 uera
1617 394 1677 415 nota
1697 391 1769 414 huius
1789 390 1897 414 familiae

653 431 737 454 haberi
750 431 836 462 possit.

456 471 496 500 (Β)
515 470 645 494 Lectiones
662 470 737 494 etiam
756 469 853 501 aliquas
871 470 965 493 familia
978 469 1043 492 A-v
1056 469 1164 493 continet
1182 477 1243 500 quae
1261 470 1312 493 sine
1329 469 1406 493 dubio
1424 469 1573 501 deprauatae
1591 473 1656 499 sunt,
1674 472 1698 494 et
1715 477 1730 493 a
1747 468 1897 500 negligentia

653 509 801 540 scriptorum
815 513 883 532 ortae
896 509 1018 532 uidentur.

523 548 592 579 Quae
609 548 708 580 quidem
724 548 846 571 interdurn
864 548 888 571 in
902 548 949 571 AY
961 547 1021 571 solis
1038 551 1166 579 apparent,
1180 551 1206 571 ut
1218 548 1268 572 Mc.
1283 556 1305 571 x.
1320 554 1351 577 30
1363 549 1622 575 persecutionibus:
1642 547 1837 579 persecutoribus
1850 547 1898 570 AY

654 588 694 618 (cx
712 586 853 618 cmgfusione
867 586 954 618 facili,
974 587 1124 618 praesertim
1148 587 1218 618 apud
1235 587 1478 617 Angla-Britannos,
1496 587 1565 610 inter
1583 595 1599 610 n
1619 590 1642 610 et
1661 595 1680 616 r,
1698 586 1728 617 gf.
1747 587 1798 610 Mc.
1817 586 1848 610 vi.
1869 593 1898 616 14

604 646 612 654 ,
654 626 834 657 inopinantur),
845 626 896 649 xiii.
905 625 935 655 36
945 630 969 649 et
981 630 1040 657 (pra
1052 627 1100 655 ne)
1113 634 1169 649 cum
1181 626 1287 654 uenerit;
1304 626 1347 649 Lc.
1360 626 1375 650 i.
1390 633 1420 656 59
1433 630 1531 656 uocant,
1546 626 1602 649 xvii.
1614 633 1645 656 34
1657 629 1738 654 tecto;
1756 625 1813 649 uide
1825 633 1898 657 supra

651 673 675 696 p.
690 671 744 696 709.

522 706 667 738 Aliquando
683 711 765 730 autem
782 706 806 730 in
823 706 937 738 plurimis
953 706 1006 730 eius
1022 706 1132 729 familiae
1148 706 1276 730 codicibus
1294 706 1459 735 inueniuntur,
1471 709 1497 729 ut
1515 706 1565 729 Mc.
1579 706 1627 730 xiv.
1643 706 1671 729 18
1688 705 1899 729 discumbentibus

654 754 710 769 cum
727 746 761 769 eis
779 746 910 772 Α*ΗΘΥ;
932 746 974 769 Lc.
988 754 1011 769 Χ.
1025 753 1055 776 33
1075 745 1118 769 iter
1137 746 1256 769 transiens
1270 744 1437 768 A*H*Ox2Y
1457 744 1513 774 (ubi
1532 745 1643 768 lectiones
1661 744 1725 768 duae
1741 745 1861 768 transiens
1878 747 1901 767 et

653 785 698 808 iter
710 785 802 809 faciens
814 783 1027 816 confitnduutur),
1041 784 1091 807 xiii.
1107 791 1135 813 15
1149 783 1298 815 respondens
1316 788 1398 807 autem
1415 783 1446 806 ad
1460 783 1531 806 illum
1544 783 1659 807 dominus
1671 788 1695 807 et
1707 783 1769 807 dixit
1782 783 1899 810 AOX'Y.

654 825 722 848 xxiii.
746 832 774 855 19
795 824 943 848 seditionem
967 824 1092 855 quondam
1111 823 1322 853 ACFGHQTY;
1347 823 1400 846 lolz.
1419 822 1444 847 ii.
1468 829 1496 852 13
1521 823 1670 854 properabat
1689 823 1899 852 AOEAffffixeY,

655 872 678 886 x.
694 868 722 894 17
736 867 761 887 ut
775 866 834 895 (pro
847 863 896 894 et),
909 863 957 886 xvi.
972 870 1001 893 13
1014 863 1113 886 docebit
1126 870 1171 885 uos
1184 862 1207 885 in
1220 869 1318 885 omnem
1331 861 1459 884 ueritatem
1472 861 1756 893 ADZPFGMQRSXY.

524 903 581 926 Hae
605 905 686 926 tamen
710 903 836 932 lectiones,
858 911 872 926 a
893 902 980 926 ceteris
1003 901 1074 926 facile
1096 901 1291 932 distinguendae,
1315 900 1388 923 utiles
1411 903 1465 924 sunt
1491 901 1521 924 acl
1545 901 1763 925 demonstrandam
1786 901 1899 925 codicum

654 941 799 965 affinitatem
818 942 880 965 inter
897 950 931 969 se,
950 944 973 965 et
991 940 1164 972 antiquitatem
1185 940 1364 971 exemplarium
1382 947 1411 963 ex
1429 939 1518 970 quibus
1536 939 1661 963 deriuatae
1678 941 1733 964 sint.

524 980 679 1011 Quibusdam
703 989 761 1005 uero
782 981 807 1004 in
830 981 892 1004 locis
913 981 959 1004 hae
980 980 1096 1003 lectiones
1117 979 1205 1002 maiori
1225 986 1327 1002 numero
1347 979 1462 1002 codicum
1482 979 1733 1010 Hieronymianorum
1757 987 1900 1004 communes

654 1023 709 1043 sunt
721 1028 726 1044 z
750 1028 769 1044 e.
780 1029 803 1052 g.

560 1070 601 1094 Lc.
615 1078 637 1094 x.
652 1077 683 1100 30
695 1070 831 1101 suspiciens
843 1069 906 1093 codd.
915 1070 987 1100 plur.
999 1070 1092 1097 (errore
1100 1068 1181 1099 facili
1190 1072 1238 1099 pro
1253 1067 1431 1097 suscipiens),
1445 1068 1492 1091 xix.
1503 1073 1532 1099 37
1546 1068 1740 1092 discendentium
1755 1069 1808 1099 (uel
1823 1069 1899 1099 desc.)

648 1113 698 1140 pro
716 1110 902 1137 diseentium;
926 1108 979 1132 lolz.
992 1108 1023 1132 vi.
1044 1115 1072 1137 23
1093 1107 1186 1138 gratias
1206 1110 1307 1137 agentes
1323 1110 1371 1137 pro
1391 1115 1430 1134 gr.
1450 1110 1558 1135 ugente,
1581 1107 1629 1131 xxi.
1646 1114 1673 1130 12
1694 1108 1900 1132 discumbentium

653 1152 698 1180 pro
716 1150 893 1172 discentium.

524 1207 637 1238 Denique
650 1207 673 1230 in
686 1214 734 1230 uno
751 1210 774 1230 et
788 1206 864 1230 altero
882 1206 937 1230 loco
954 1206 981 1229 hi
996 1213 1087 1229 errores
1104 1205 1137 1228 ab
1150 1205 1264 1228 omnibus
1277 1204 1317 1228 uel
1330 1204 1379 1228 fere
1396 1205 1511 1228 omnibus
1528 1204 1656 1229 codicibus
1667 1205 1756 1229 nostris
1768 1206 1902 1237 propagati

656 1250 727 1270 sunt:
746 1254 766 1269 e.
774 1254 798 1276 gr

558 1294 605 1317 Mt.
617 1293 683 1317 xviii.
694 1301 708 1324 9
716 1294 878 1321 unoculum,
889 1293 931 1316 Lc.
942 1300 982 1316 xv.
994 1292 1007 1315 8
1018 1293 1137 1320 enei-rim
1153 1291 1191 1315 his
1203 1291 1265 1315 locis
1278 1292 1461 1315 emendationes
1471 1291 1494 1315 in
1508 1294 1601 1315 textum
1614 1292 1767 1322 admisimus
1775 1293 1845 1317 etsie
1853 1294 1901 1317 Mt.

656 1333 702 1357 xvi,
713 1340 734 1364 9,
748 1340 777 1356 10
789 1333 830 1356 ubi
843 1333 968 1360 quinque
980 1333 1093 1354 milium
1105 1335 1129 1354 et
1142 1334 1277 1359 quattuor
1287 1332 1398 1354 milium
1411 1332 1462 1355 sine
1475 1332 1623 1355 auctoritate
1636 1332 1750 1355 codicum
1762 1337 1901 1356 nostrorum

655 1372 774 1402 legimus;
805 1371 949 1395 reseiuimus
972 1374 1054 1394 tamen
1081 1378 1111 1393 ex
1135 1370 1216 1393 amico
1240 1373 1325 1393 nostro
1347 1370 1372 1393 S.
1393 1370 1483 1401 Berger
1505 1370 1566 1394 haec
1590 1370 1614 1393 in
1638 1371 1724 1395 codice
1748 1371 1901 1403 Sangallensi

658 1420 719 1444 1395
739 1413 849 1439 inueniri,
863 1416 887 1435 et
899 1412 1010 1435 codicem
1028 1411 1187 1442 Bigotianum
1205 1415 1315 1434 nostrum
1335 1411 1376 1442 (B)
1395 1419 1465 1435 uersu
1484 1418 1514 1434 10
1530 1411 1621 1435 habere
1639 1416 1774 1440 quattuor
1790 1415 1902 1436 milium

656 1452 804 1483 (praemisso
817 1452 851 1481 et)
862 1460 866 1477 ;
886 1452 928 1474 Lc.
941 1451 974 1475 vi.
990 1458 999 1474 1
1015 1452 1232 1478 secundoprimo
1244 1458 1293 1473 uno
1305 1450 1380 1473 uerbo
1393 1458 1449 1474 cum
1462 1450 1597 1474 Ambrosio
1610 1450 1724 1482 legimus.

440 1521 642 1552 Huiusmodi
681 1527 759 1552 sunt
798 1532 876 1561 ergo
915 1520 1048 1561 regulae
1080 1519 1224 1561 (praeter
1258 1530 1313 1551 eas
1348 1530 1432 1560 quae
1470 1520 1519 1550 his
1557 1521 1675 1551 studiis
1708 1522 1903 1562 plerumque

394 1583 586 1604 communes
610 1572 708 1615 sunt),
725 1584 811 1614 quae
833 1573 928 1604 nobis
952 1573 983 1603 in
1007 1572 1069 1603 hoc
1094 1571 1255 1612 perplexo
1279 1582 1377 1612 opere
1401 1571 1604 1603 enucleando
1628 1573 1729 1604 duces
1753 1573 1900 1605 fidissimi

395 1625 454 1656 uisi
485 1630 571 1656 sunt.
628 1625 719 1665 Quas
751 1625 981 1666 experimento
1008 1625 1088 1655 satis
1117 1624 1217 1664 longo
1242 1634 1335 1655 ueras
1364 1634 1435 1654 esse
1463 1624 1645 1656 didicimus.
1692 1625 1785 1665 Opus
1814 1627 1901 1657 enim

395 1677 483 1717 quod
509 1677 620 1708 lectori
647 1677 710 1707 iam
736 1677 931 1717 proponitur
958 1676 1218 1707 examinandum
1248 1686 1305 1715 per
1332 1686 1491 1706 annorum
1521 1676 1586 1707 sere
1614 1677 1729 1717 uiginti
1757 1678 1902 1718 spatium

395 1729 600 1760 elaboratum
632 1735 691 1760 est.
751 1728 840 1760 Satis
874 1728 1014 1759 fidenter
1041 1738 1119 1769 ergo
1154 1729 1327 1759 doctorum
1361 1728 1480 1759 iudicio
1509 1728 1637 1759 labores
1670 1734 1799 1760 nostros
1826 1730 1903 1760 sub-

397 1781 578 1818 mittimus3
609 1792 674 1812 non
700 1782 789 1821 quod
817 1781 990 1812 credamus
1015 1791 1075 1811 nos
1099 1790 1228 1820 semper
1251 1780 1340 1820 quod
1367 1785 1491 1811 rectum
1518 1780 1560 1811 sit
1587 1782 1815 1822 perspexisse;
1846 1783 1903 1813 sed

396 1843 470 1863 curn
488 1843 622 1864 normae
644 1833 810 1864 iudicandi
834 1844 852 1863 a
873 1833 967 1864 nobis
989 1833 1159 1863 adhibitae
1181 1832 1300 1862 criticis
1324 1832 1476 1862 omnibus
1497 1832 1562 1862 iam
1583 1838 1728 1873 pateant,
1746 1838 1778 1864 et
1794 1844 1853 1873 per
1869 1844 1904 1864 se

396 1884 496 1925 (certe
520 1890 594 1924 post
616 1885 771 1925 exempla
795 1895 894 1926 supra
919 1883 1045 1925 adlata)
1066 1885 1145 1915 satis
1169 1884 1340 1914 euidentes
1362 1884 1436 1922 sint,
1454 1888 1486 1914 et
1510 1894 1584 1915 cum
1610 1885 1769 1916 lectorum
1794 1886 1905 1923 oculis,

397 1941 558 1976 quantum
573 1937 749 1976 potuimus,
763 1937 794 1967 in
812 1937 934 1968 notulis
951 1937 1139 1967 testimonia
1156 1936 1307 1976 utrinque
1321 1936 1470 1967 extantia
1487 1941 1646 1976 perpetuo
1662 1937 1905 1976 subiecerimus,

396 1988 505 2019 iudicii
524 1989 624 2020 nostri
642 1989 799 2020 correctio
816 1988 856 2030 (si
873 1988 992 2020 alicubi
1010 1988 1078 2019 fieri
1096 1986 1231 2029 debeat)
1248 1992 1378 2028 praesto
1395 1988 1502 2018 adest.
