2209 3147
421 256 479 287 704
1052 254 1161 283 EPJL
1168 256 1224 285 OG
1232 254 1290 285 σε.

418 342 543 372 XV1111.
566 343 625 379 Qui
645 353 705 372 non
726 345 810 374 intrat
832 355 882 383 per
898 347 1014 375 ianuam
1028 347 1073 376 fur
1095 354 1137 376 est
1153 370 1159 376 .
1174 354 1202 376 et
1217 358 1272 386 ego
1289 357 1353 377 sum
1376 353 1474 385 pastor
1489 348 1583 376 bonus
1599 370 1604 375 .
1620 353 1647 377 et
1662 353 1833 385 potestatem
1849 348 1923 377 abeo

500 391 629 427 ponendi
643 392 770 420 animam
786 402 890 421 meam.

418 437 485 465 XX.
507 437 597 465 Facta
612 444 678 466 sunt
694 440 814 468 encenia
829 440 1022 470 hierosolimis
1038 464 1044 469 .
1060 448 1087 470 et
1102 451 1162 470 non
1180 442 1252 479 rapit
1267 442 1422 479 quisquam
1438 451 1508 470 oues
1523 442 1558 470 de
1574 450 1663 470 manu
1679 451 1744 470 mea
1760 464 1766 470 .
1782 448 1810 471 et
1825 452 1881 480 ego
1897 448 1925 470 et

500 490 581 522 pater
590 493 681 513 unum
692 495 792 515 sumus
802 508 807 514 .
817 493 845 515 et
855 493 885 515 tu
894 487 983 516 homo
993 498 1062 526 qum
1073 489 1110 517 sis
1121 489 1191 517 facis
1202 495 1228 517 te
1241 489 1344 516 deum.
1356 494 1383 516 et
1396 490 1425 516 in
1438 498 1484 516 me
1495 494 1536 517 est
1549 495 1630 526 pater
1640 511 1646 517 .
1657 494 1684 517 et
1694 498 1750 525 ego
1762 489 1791 517 in
1802 496 1924 526 patrem.

418 530 501 559 XXI.
523 531 581 559 Ubi
602 532 730 561 lazarum
753 534 891 563 suscitat.
906 541 934 563 et
955 544 1012 573 ego
1034 545 1098 564 sum
1120 536 1296 564 resurreccio
1318 542 1346 564 et
1368 535 1427 564 uita
1448 542 1476 564 et
1497 537 1616 564 uenient
1638 537 1751 564 romani
1774 543 1802 564 et
1824 537 1926 565 tollent

499 587 623 615 regnum
639 586 769 608 nostrum
787 603 792 608 .
807 586 835 610 et
851 582 968 619 caiphas
983 583 1174 620 prophetauit.

420 624 520 653 XXII.
543 624 638 654 Maria
658 636 741 655 soror
755 627 840 657 lazari
862 629 963 658 libram
981 631 1121 667 unguenti
1144 630 1236 667 pistici
1254 630 1355 667 unguit
1376 630 1466 667 pedes
1485 630 1533 658 ihu
1552 637 1581 659 et
1599 631 1709 668 capillis
1727 630 1807 659 tersit
1824 652 1829 658 .
1844 637 1872 659 et
1890 630 1926 659 de

499 672 567 700 iuda
582 674 631 710 qui
646 673 690 701 sur
705 680 764 702 erat
781 698 786 703 .
803 681 830 704 et
846 676 972 705 lazarum
987 677 1063 705 iudei
1079 678 1212 706 occidere
1228 677 1338 705 uolunt.

418 719 532 748 XXIII.
555 719 614 748 Ubi
634 722 717 749 turbe
739 730 913 760 acceperunt
928 724 1014 753 flores
1037 730 1064 753 et
1087 725 1186 753 dicunt
1201 733 1311 753 osanna
1328 745 1333 751 .
1349 729 1376 752 et
1399 724 1471 753 sedit
1493 734 1579 762 super
1599 725 1720 753 asellum
1737 746 1742 752 .
1759 730 1786 753 et
1805 725 1926 762 gentiles

499 767 642 796 accedunt
663 769 699 796 ad
718 769 881 808 philippum
899 793 904 799 .
920 777 947 799 et
970 772 1023 800 nisi
1043 781 1168 809 granum
1191 772 1273 799 tritici
1295 778 1444 800 mortuum
1468 772 1551 800 fuerit
1568 794 1573 800 .
1590 778 1618 800 et
1633 772 1682 809 qui
1698 778 1777 800 amat
1797 773 1926 800 animam

500 823 582 842 suam
605 816 705 852 perdet
727 826 791 845 eam
815 840 820 845 .
843 824 870 846 et
892 819 914 846 si
936 819 1000 856 quis
1022 819 1092 847 mihi
1114 819 1255 846 ministrat
1278 828 1324 846 me
1346 824 1483 856 sequatur
1505 841 1511 847 .
1532 824 1560 847 et
1581 819 1736 847 clarificaui
1753 841 1759 847 .
1775 825 1803 848 et
1823 820 1925 848 iterum

499 861 664 891 clarificabo
675 885 680 890 .
691 869 718 892 et
729 873 798 901 qum
811 866 952 894 exaltatus
963 866 1044 895 fuero
1057 888 1063 894 .
1073 872 1101 894 et
1113 866 1257 894 ambulate
1271 866 1341 894 dum
1353 866 1448 894 lucem
1460 867 1552 895 abetis
1564 889 1569 894 .
1581 872 1610 895 et
1625 867 1710 895 isaias
1723 867 1842 904 quando
1856 867 1926 895 uidit

500 909 621 946 gloriam
636 910 698 939 eius
715 933 720 938 .
736 918 763 940 et
778 912 939 941 dilexerunt
954 913 1105 942 hominum
1121 913 1242 949 gloriam
1260 935 1265 940 .
1281 919 1309 941 et
1329 913 1378 950 qui
1394 914 1465 941 uidit
1481 923 1526 941 me
1543 914 1614 942 uidit
1630 923 1698 942 eum
1713 914 1762 952 qui
1778 914 1855 942 misit
1870 923 1926 943 me.

418 955 538 984 XX1111.
560 956 626 994 Ego
650 967 714 986 sum
738 959 786 987 lux
811 960 911 988 mundi
935 982 941 988 .
964 965 992 989 et
1016 961 1066 997 qui
1091 970 1138 988 me
1164 961 1270 997 spernit
1293 982 1298 988 .
1321 962 1387 989 abet
1411 961 1460 997 qui
1486 961 1591 989 iudicet
1617 970 1684 989 eum
1708 983 1714 989 .
1738 967 1766 989 et
1789 961 1818 989 in
1837 961 1926 989 finem

500 1003 586 1032 dilexi
607 1013 670 1033 uos.

418 1049 514 1079 XXV.
538 1050 618 1086 Qum
637 1051 768 1081 diabolus
786 1053 910 1082 misisset
930 1054 959 1082 in
975 1063 1026 1082 cor
1041 1054 1107 1083 iude
1123 1076 1129 1082 .
1145 1054 1189 1082 ihs
1209 1054 1299 1092 surgit
1315 1064 1331 1082 a
1347 1064 1419 1082 cena
1441 1060 1469 1083 et
1489 1055 1566 1083 lauat
1587 1055 1794 1092 discipulorum
1815 1055 1904 1092 pedes
1920 1076 1927 1084 .

499 1103 527 1126 et
541 1108 601 1127 non
617 1105 660 1127 est
676 1108 776 1128 seruus
791 1101 883 1130 maior
898 1101 1018 1130 domino
1034 1124 1040 1129 .
1056 1108 1084 1130 et
1099 1102 1148 1139 qui
1163 1111 1216 1131 uos
1232 1102 1337 1139 accipit
1353 1111 1400 1130 me
1415 1102 1530 1139 accipit.

417 1143 531 1173 XXVI.
553 1145 631 1180 Quia
647 1155 721 1174 unus
736 1156 771 1175 ex
787 1148 871 1176 uobis
887 1148 978 1177 tradet
993 1158 1040 1177 me
1056 1172 1062 1177 .
1079 1154 1106 1177 et
1121 1149 1200 1186 quod
1216 1148 1285 1177 facis
1300 1148 1345 1177 sac
1361 1149 1462 1177 cicius.

418 1190 541 1220 XXVP.
564 1192 654 1221 Filioli
673 1194 743 1221 sicut
759 1194 847 1222 dilexi
864 1204 917 1224 uos
932 1195 1039 1233 diligite
1057 1196 1183 1224 inuicem
1200 1219 1205 1223 .
1225 1202 1253 1224 et
1273 1202 1355 1233 petro
1371 1195 1437 1224 dicit
1457 1201 1500 1224 ter
1514 1205 1561 1224 me
1577 1197 1698 1234 negabis
1714 1219 1720 1224 .
1736 1202 1764 1225 et
1785 1197 1814 1224 in
1837 1196 1927 1225 domo

499 1240 589 1277 patris
612 1241 669 1269 mei
695 1241 781 1269 multe
806 1248 872 1270 sunt
899 1243 1066 1272 mansiones
1089 1265 1095 1271 .
1117 1248 1144 1271 et
1169 1243 1267 1271 thome
1290 1243 1358 1271 dicit
1383 1252 1439 1280 ego
1460 1252 1523 1271 sum
1548 1244 1595 1271 uia
1617 1245 1723 1272 ueritas
1745 1250 1773 1272 et
1795 1244 1854 1272 uita
1870 1267 1876 1272 .
1899 1250 1928 1272 et

500 1287 628 1324 philippe
643 1288 692 1324 qui
707 1288 784 1316 uidet
799 1297 846 1317 me
862 1290 939 1318 uidet
955 1296 982 1319 et
999 1296 1111 1328 patrem
1128 1312 1134 1318 .
1149 1296 1175 1318 et
1191 1291 1239 1327 qui
1255 1290 1343 1318 credit
1363 1291 1391 1318 in
1414 1300 1461 1318 me
1481 1291 1592 1319 maiora
1613 1291 1717 1319 horum
1733 1291 1819 1319 faciet
1837 1313 1842 1318 .
1859 1297 1887 1319 et
1903 1292 1926 1320 si

501 1334 570 1371 quid
585 1335 721 1371 petieritis
736 1336 765 1363 in
781 1337 899 1365 nornine
914 1347 982 1366 meo
997 1338 1111 1366 faciam.

418 1380 563 1409 XXVIII.
588 1381 617 1409 Si
639 1382 753 1419 diligitis
775 1393 822 1412 me
841 1407 847 1413 .
867 1385 1003 1413 mandata
1025 1394 1090 1413 mea
1111 1390 1222 1413 seruate
1239 1407 1245 1413 .
1266 1391 1293 1413 et
1315 1385 1426 1421 rogabo
1444 1390 1556 1422 patrem
1573 1407 1579 1412 .
1595 1391 1622 1413 et
1643 1385 1731 1413 alium
1753 1386 1926 1423 paraclitum

501 1428 579 1456 dabit
593 1429 679 1457 uobis
695 1452 700 1457 .
717 1436 744 1458 et
759 1439 819 1459 non
835 1431 995 1469 relinquam
1010 1441 1064 1460 uos
1079 1432 1227 1469 orphanos
1244 1453 1250 1460 .
1266 1438 1293 1460 et
1310 1432 1492 1460 mansionem
1507 1438 1578 1470 aput
1593 1441 1661 1461 eum
1676 1433 1814 1461 faciemus
1828 1442 1884 1470 ego
1898 1438 1928 1460 et

500 1481 581 1512 pater
596 1498 602 1503 .
618 1483 645 1503 et
661 1486 765 1513 pacem
782 1478 912 1517 relinquo
927 1480 1018 1507 uobis.

419 1520 573 1550 XXVIII&
595 1522 661 1560 Ego
677 1533 741 1552 sum
758 1525 821 1553 uitis
837 1535 905 1554 uera
921 1548 927 1554 .
943 1532 970 1554 et
988 1532 1070 1563 pater
1084 1535 1166 1555 meus
1181 1526 1307 1564 agricola
1324 1548 1330 1554 .
1345 1532 1460 1554 manete
1483 1527 1512 1554 in
1533 1536 1580 1555 me
1596 1532 1623 1555 et
1637 1536 1694 1564 ego
1709 1527 1739 1555 in
1753 1527 1839 1555 uobis
1854 1527 1927 1555 sicut

499 1569 611 1607 palmes
627 1592 633 1598 .
650 1576 677 1599 et
692 1571 832 1600 maiorem
847 1573 922 1601 hanc
937 1573 1129 1602 dileccionem
1143 1583 1232 1602 nemo
1246 1574 1312 1602 abet
1328 1596 1333 1601 .
1350 1580 1377 1602 et
1392 1574 1415 1602 si
1431 1574 1557 1602 mundus
1572 1583 1626 1602 uos
1642 1574 1702 1602 odit
1719 1596 1724 1602 .
1740 1584 1787 1603 me
1801 1575 1927 1611 priorem

500 1617 569 1646 odio
585 1617 664 1645 abuit
682 1640 688 1646 .
704 1624 730 1647 et
746 1619 795 1656 qui
814 1629 861 1648 me
876 1620 936 1649 odit
953 1643 958 1648 .
974 1626 1001 1648 et
1023 1627 1135 1658 patrem
1151 1621 1210 1649 odit
1227 1643 1232 1648 .
1248 1626 1276 1649 et
1297 1621 1320 1648 si
1339 1621 1379 1649 eis
1401 1621 1514 1649 locutus
1536 1631 1596 1650 non
1618 1621 1736 1650 fuissem
1752 1643 1759 1650 .
1774 1628 1926 1659 peccatum

500 1673 560 1692 non
576 1665 696 1693 aberent
712 1687 718 1693 .
734 1671 761 1693 et
776 1675 844 1694 cum
859 1668 970 1695 uenerit
985 1668 1147 1705 paraclitus.

419 1709 516 1738 XXX.
539 1710 646 1740 Ueniet
661 1722 712 1740 ora
728 1718 758 1741 ut
773 1714 821 1751 qui
844 1714 1014 1743 interfecerit
1030 1724 1083 1743 uos
1104 1737 1110 1743 .
1133 1715 1284 1743 arbitretur
1299 1724 1329 1743 se
1345 1716 1518 1753 obsequium
1536 1716 1592 1744 deo
1608 1721 1735 1753 prestare
1752 1738 1758 1743 .
1774 1721 1802 1744 et
1823 1716 1845 1744 si
1866 1725 1926 1744 non

500 1757 617 1787 habiero
632 1760 786 1796 paraclitus
801 1770 861 1789 non
878 1762 973 1790 ueniet
989 1784 995 1789 .
1011 1767 1039 1790 et
1054 1771 1120 1790 cum
1135 1763 1244 1790 uenerit
1260 1768 1360 1799 arguet
1375 1763 1517 1791 mundum
1534 1763 1569 1791 de
1584 1768 1704 1800 peccato
1721 1785 1727 1791 .
1744 1763 1780 1791 de
1795 1763 1906 1792 iusticia
1919 1784 1925 1791 .

499 1812 528 1834 et
551 1805 586 1834 de
608 1807 716 1836 iudicio
737 1829 744 1835 .
768 1814 795 1836 et
817 1809 916 1836 omnia
938 1818 993 1846 que
1015 1810 1080 1837 abet
1102 1815 1182 1846 pater
1203 1818 1268 1837 mea
1291 1815 1378 1838 sunt.
1393 1815 1420 1838 et
1442 1810 1510 1847 quia
1532 1810 1682 1847 plorabitis
1704 1815 1732 1838 et
1755 1810 1880 1839 flebitis.
1898 1816 1926 1839 et

499 1852 603 1881 mulier
617 1863 683 1881 cum
699 1854 772 1891 parit
789 1877 794 1883 .
811 1860 838 1883 et
853 1856 875 1883 si
891 1856 960 1893 quid
975 1856 1110 1893 petieritis
1124 1862 1235 1893 patrem
1258 1857 1287 1884 in
1303 1857 1423 1885 nomine
1443 1866 1510 1885 meo
1526 1863 1554 1885 et
1569 1858 1636 1894 quia
1651 1867 1707 1895 ego
1723 1867 1740 1885 a
1756 1857 1812 1886 deo
1826 1858 1902 1886 exiui
1919 1879 1925 1885 .

500 1905 528 1927 et
542 1900 571 1927 in
586 1901 698 1929 mundo
714 1911 878 1938 pressuram
890 1903 1010 1931 abebitis
1025 1908 1052 1930 et
1068 1912 1124 1940 ego
1140 1904 1194 1931 uici
1210 1903 1362 1931 mundum.

419 1945 533 1974 XXXI.
556 1946 640 1975 Pater
655 1949 734 1976 uenit
750 1948 821 1977 hora
837 1949 961 1977 clarifica
975 1949 1066 1977 filium
1081 1955 1163 1978 tuum
1179 1971 1185 1978 .
1201 1955 1229 1978 et
1250 1956 1281 1978 ut
1297 1956 1479 1987 cognoscant
1501 1957 1528 1979 te
1544 1951 1639 1980 solum
1655 1956 1683 1980 et
1698 1960 1786 1989 quem
1801 1952 1902 1980 misisti
1919 1973 1925 1980 .

501 2000 527 2022 et
543 2003 602 2023 non
619 2001 729 2023 tantum
745 2005 798 2032 pro
814 1996 857 2024 his
872 2005 955 2033 rogo.

419 2039 548 2069 XXXII.
571 2041 660 2070 Pater
684 2049 783 2071 sancte
807 2052 891 2071 serua
913 2052 964 2071 eos
980 2065 986 2071 .
1001 2048 1029 2071 et
1052 2052 1112 2071 non
1136 2049 1201 2071 sunt
1223 2044 1259 2072 de
1282 2044 1338 2073 hoc
1361 2045 1472 2074 mundo
1495 2067 1500 2073 .
1524 2051 1550 2073 et
1575 2046 1683 2074 sciebat
1704 2046 1786 2074 iudas
1809 2045 1925 2075 locum.

501 2093 529 2116 et
550 2098 621 2126 qum
644 2089 761 2118 dixisset
786 2099 842 2127 ego
866 2099 929 2118 sum
954 2091 1119 2119 ceciderunt
1143 2113 1148 2118 .
1172 2096 1199 2118 et
1222 2096 1320 2128 petrus
1342 2092 1440 2128 gladio
1462 2092 1583 2121 abscidit
1606 2093 1764 2121 auriculam
1785 2115 1791 2121 .
1813 2099 1842 2121 et
1867 2093 1926 2121 alli-

501 2142 642 2172 gauerunt
659 2137 726 2165 ihm.

420 2181 563 2211 XXXIII.
576 2184 734 2213 Adducunt
750 2185 809 2213 ihm
824 2186 860 2214 ad
875 2185 1021 2223 principes
1035 2207 1040 2213 .
1053 2190 1080 2213 et
1096 2185 1165 2223 quid
1181 2195 1228 2213 me
1244 2185 1322 2214 cedis
1335 2196 1340 2213 :
1357 2191 1385 2214 et
1401 2186 1437 2214 ad
1451 2187 1570 2224 pilatum
1584 2187 1652 2215 dicit
1667 2208 1673 2215 .
1689 2196 1810 2224 regnum
1826 2196 1924 2216 meum

503 2239 563 2258 non
579 2237 621 2259 est
637 2231 671 2259 de
688 2231 742 2260 hoc
759 2233 870 2261 mundo
887 2255 892 2260 .
908 2238 936 2261 et
951 2232 1154 2261 crucifixerunt
1169 2241 1246 2260 eum.

421 2276 580 2305 XXXIIII.
597 2278 646 2307 Ihs
661 2279 697 2307 de
713 2289 796 2308 cruce
812 2280 891 2308 iohni
904 2280 972 2308 dicit
987 2289 1055 2308 ecce
1071 2284 1163 2307 mater
1178 2285 1226 2308 tua
1241 2300 1248 2307 .
1264 2286 1291 2308 et
1311 2280 1411 2318 ioseph
1428 2290 1494 2309 cum
1510 2280 1684 2310 nichodemo
1700 2281 1842 2319 sepeliunt
1857 2291 1925 2310 cum

502 2326 679 2353 aromatibus
693 2335 798 2364 corpus
816 2327 906 2355 ihesu.

422 2370 548 2399 XXXV.
572 2372 640 2401 Post
664 2374 906 2403 resurreccionem
930 2383 1011 2402 suam
1034 2374 1101 2402 dicit
1122 2374 1230 2402 mariae
1253 2374 1312 2402 noli
1334 2383 1381 2402 me
1403 2380 1521 2411 tangere
1537 2397 1542 2403 .
1558 2381 1585 2403 et
1605 2376 1733 2404 ascendo
1753 2376 1789 2404 ad
1812 2382 1923 2413 patrem

503 2427 601 2447 meum
617 2425 644 2448 et
659 2426 771 2457 patrem
788 2427 915 2449 uestrum
931 2443 937 2449 .
954 2426 981 2449 et
998 2421 1127 2450 secundo
1142 2421 1269 2457 increpat
1285 2420 1423 2449 thomam.

422 2464 563 2494 XXXVI.
585 2467 622 2495 Et
638 2477 707 2505 qum
725 2469 812 2496 tercio
828 2469 1008 2505 apparuisset
1022 2469 1063 2496 eis
1078 2468 1253 2505 piscantibus
1268 2468 1335 2496 dicit
1350 2474 1432 2505 petro
1448 2473 1490 2496 ter
1505 2478 1592 2506 pasce
1607 2478 1677 2498 oues
1693 2479 1773 2498 meas
1789 2492 1795 2498 .
1810 2475 1839 2498 et
1853 2479 1923 2507 qurn

504 2515 631 2542 senueris
647 2537 653 2542 .
668 2515 741 2543 alius
756 2521 783 2543 te
799 2516 895 2552 cinget
911 2538 916 2544 .
931 2520 959 2544 et
975 2525 1093 2553 sequere
1110 2524 1165 2543 me.

891 2575 1034 2605 Expliciunt
1051 2573 1161 2606 capitula
1178 2574 1203 2597 in
1222 2574 1352 2605 euangelio
1370 2574 1457 2598 iot-mis.

650 2655 736 2680 XXII.
755 2658 804 2685 qui
816 2665 822 2681 :
840 2657 897 2688 quia
909 2665 969 2681 carr.
985 2666 1016 2680 m.
1032 2665 1053 2682 2.
1225 2657 1324 2680 XXIII.
1343 2659 1417 2680 uidit
1429 2657 1465 2680 his
1478 2661 1533 2688 mp.
1545 2666 1551 2687 ;
1569 2658 1637 2681 uidet
1648 2666 1694 2681 sor.
