2209 3147
341 239 405 272 304

504 314 606 338 AHVY
614 313 692 337 Harl.
707 318 777 344 2797.

383 366 513 390 astruens
528 360 600 388 tollit
616 360 720 397 quibus
735 367 858 396 regnum
874 367 940 397 pro-

383 408 498 436 mittens
513 408 553 435 ait
567 412 634 444 post
653 406 750 444 aliqua
768 412 850 443 petro
870 415 940 434 con-

382 455 464 484 firma
480 454 578 483 fratres
593 458 667 482 tuos.

340 928 402 958 XC.
425 928 570 956 Passionis
599 932 682 964 gesta
709 932 861 955 narrantur
889 927 939 955 ubi

381 976 452 1003 inter
464 980 560 1004 cetera
575 974 662 1002 etiam
677 974 835 1002 auriculam
850 983 938 1012 quam

379 1031 470 1060 puero
483 1027 580 1059 petrus
590 1021 752 1050 absciderat
763 1022 825 1059 ipse
834 1030 938 1050 manus

380 1079 451 1099 suae
466 1073 544 1098 tactu
559 1068 689 1097 restituit.

339 1302 419 1332 XCI.
442 1303 683 1340 Crucifigentibus
697 1302 814 1331 ueniam
829 1312 846 1331 a
858 1308 938 1340 patre

380 1350 543 1387 deposcens
569 1350 657 1378 etiam
678 1359 769 1378 unum
792 1359 828 1378 ex
851 1350 938 1378 latro-

380 1397 465 1425 nibus
486 1397 655 1426 crucifixum
676 1396 864 1426 confitentem
887 1397 937 1424 ab-

380 1444 473 1473 soluit.

339 1677 434 1706 XCII.
460 1678 665 1707 Resurrexisse
701 1687 769 1707 eum
804 1678 938 1706 mulieres

379 1725 510 1763 angelica
546 1726 722 1754 reuelatione
756 1731 938 1763 cognoscunt

378 1777 407 1800 et
422 1778 521 1809 petrus
537 1773 573 1801 ad
585 1777 809 1801 monumentum
821 1781 938 1801 currens

379 1828 413 1847 ac
429 1820 531 1848 uidens
546 1820 626 1857 quod
640 1819 750 1848 factum
767 1819 859 1848 fuerat
877 1829 939 1848 am-

379 1866 504 1894 miratur.

370 1934 424 1958 XC.
444 1938 550 1958 cetera:
570 1934 650 1957 celera
664 1934 698 1958 H.
733 1933 843 1958 auricula
857 1935 916 1958 HV.

370 1966 452 1990 XCII.
471 1969 661 1991 reuelatione:
686 1967 804 1991 relatione
823 1967 857 1990 H.
891 1976 938 1992 om.

336 2001 444 2024 factum
458 2000 492 2024 H.

819 209 1047 259 CAPIT'ULA
1074 228 1132 257 IN
1151 226 1471 256 EUANGELJUM

1180 312 1257 342 C(T).

1035 359 1218 387 Certantibus
1261 358 1297 386 de
1348 357 1440 394 gradu

1075 415 1159 434 aeum
1212 404 1341 442 praeficit
1390 404 1439 441 qui

1075 453 1225 481 ministrat.

1034 500 1071 527 Et
1083 505 1166 536 petro
1179 499 1248 527 dicit
1260 498 1339 536 quod
1355 506 1439 526 aeum

1074 551 1168 575 aesset
1183 550 1346 583 negaturus.

1034 593 1100 622 Hac
1136 593 1253 621 monitis
1294 591 1440 629 discipulis

1073 641 1124 669 hut
1136 640 1254 668 uendito
1265 639 1439 668 uestimento

1073 688 1211 716 haemant
1226 686 1364 724 gladium.

1034 735 1138 771 Perget
1156 734 1194 762 ad
1212 738 1343 762 montem
1365 732 1439 760 holi-

1073 781 1131 810 ueti
1143 781 1191 819 qui
1203 789 1294 818 quum
1309 779 1440 808 horasset

1074 828 1233 866 discipulos
1252 827 1358 855 excitat
1373 826 1440 854 dor-

1073 876 1203 903 mientes.

992 925 1065 951 XX.
1097 924 1330 950 Antecedente
1358 922 1441 948 iuda

1072 969 1168 996 uenit
1183 969 1285 995 turba
1300 970 1333 995 et
1346 975 1439 994 oscu-

1072 1017 1106 1043 lo
1121 1016 1246 1043 tradite
1262 1015 1334 1048 xps.

1031 1061 1069 1090 Et
1078 1066 1177 1099 petrus
1187 1061 1345 1089 auriculam
1354 1069 1439 1089 seruo

1073 1109 1224 1138 habscidit.

1030 1156 1129 1184 Ducto
1162 1155 1211 1183 ihu
1246 1155 1283 1183 ad
1318 1154 1439 1183 domum

1072 1203 1211 1241 principis
1254 1201 1439 1231 sacerdotum

1072 1253 1127 1287 xps
1144 1249 1296 1278 deluditur.

1031 1297 1229 1334 Interrogatus
1258 1306 1275 1325 a
1303 1295 1394 1324 iudeis
1422 1305 1439 1324 a

1073 1344 1171 1382 pylato
1205 1349 1233 1372 et
1265 1344 1302 1372 ab
1331 1343 1438 1371 herode

1072 1392 1126 1420 hac
1145 1396 1214 1420 tunc
1231 1391 1261 1419 in
1282 1391 1438 1419 amicitiam

1072 1439 1185 1477 pylatus
1206 1443 1234 1467 et
1256 1437 1379 1467 herodes
1395 1447 1438 1466 re-

1071 1486 1169 1514 deunt.

1031 1533 1181 1562 Barabbas
1193 1533 1344 1561 dimittitur
1355 1537 1382 1561 et
1394 1532 1438 1560 ihs

1072 1580 1167 1609 Iudeis
1187 1579 1366 1618 suffigendus
1382 1584 1438 1607 tra-

1072 1627 1156 1656 ditur.

1032 1675 1091 1710 Qui
1119 1674 1323 1712 plangentibus
1353 1682 1439 1702 aeum

1073 1722 1239 1750 mulieribus
1281 1721 1334 1749 hut
1376 1730 1439 1749 sese

1073 1769 1166 1806 magis
1178 1769 1349 1806 plangerent
1361 1768 1439 1796 dixit.

1032 1816 1070 1844 Et
1098 1816 1171 1844 inter
1205 1815 1330 1844 latrones
1366 1815 1440 1843 fixus

1074 1863 1165 1892 acceti
1180 1868 1282 1900 potum
1299 1863 1417 1899 accepit,

1034 1911 1135 1939 Titulo
1151 1920 1199 1939 rex
1214 1910 1389 1948 designatur.

1033 1961 1058 1986 A
1075 1967 1135 1995 quo
1152 1958 1247 1986 hunus
1267 1967 1302 1985 ex
1322 1957 1438 1985 latroni-

1074 2006 1128 2033 bus
1144 2005 1265 2034 credens
1281 2004 1318 2033 ad
1335 2004 1438 2042 phara-

1072 2052 1167 2080 disum
1182 2052 1302 2080 ducitur.

1022 2112 1134 2135 XVIIII.
1153 2111 1269 2142 praefecit
1279 2111 1363 2135 Tlmm.
1385 2119 1437 2143 per-

988 2145 1023 2175 git
1040 2145 1064 2167 T
1061 2145 1124 2167 llom.

1022 2177 1079 2200 XX.
1098 2177 1202 2200 traditur
1223 2176 1307 2200 Tlmm.
1351 2178 1437 2200 chris-

988 2213 1034 2233 tus
1045 2218 1050 2233 t
1069 2210 1133 2233 iesus
1145 2211 1177 2233 al.
1188 2214 1226 2240 ap.
1240 2210 1323 2233 Thom.
1358 2210 1382 2232 ui
1390 2213 1438 2240 pro

989 2250 1071 2266 seruo
1087 2243 1142 2265 Uar.
1154 2249 1226 2272 4221.
1260 2244 1437 2266 sacerdotum

996 2279 1104 2306 ÷petrus
1123 2275 1156 2298 ibi
1176 2279 1212 2298 ter
1230 2275 1330 2306 negauit
1353 2275 1436 2299 Tlmm.

989 2310 1079 2331 iesus:
1104 2308 1207 2331 christus
1228 2309 1262 2332 al.
1284 2311 1323 2338 ap.
1352 2308 1435 2332 leom.

989 2342 1081 2364 iudeis
1100 2342 1287 2368 suffigendus:
1312 2349 1326 2363 a
1344 2341 1437 2364 iudaeis

990 2373 1166 2404 crucifigendus
1182 2374 1206 2396 T
1203 2374 1266 2397 hom.
1280 2373 1334 2403 (sed
1343 2374 1391 2396 aliz·
1402 2382 1437 2396 (0-

989 2407 1051 2429 dices
1068 2414 1123 2429 cum
1141 2409 1222 2429 nostro
1239 2406 1259 2429 C
1277 2409 1437 2436 congruunt).

990 2441 1112 2462 traditur
1129 2445 1147 2462 4-
1163 2446 1258 2462 crucem
1283 2439 1334 2462 iesu
1357 2439 1437 2462 simon

991 2471 1126 2502 cyrenensis
1139 2475 1220 2502 portat
1237 2472 1321 2494 Tlmm.
1356 2475 1378 2495 cl
1391 2480 1436 2496 em.

991 2507 1039 2532 qui
1060 2508 1120 2533 (mm
1143 2507 1225 2526 aulem
1251 2505 1307 2528 Nat.
1329 2511 1391 2534 4221
1417 2509 1439 2528 el

990 2538 1064 2561 Alex.
1077 2538 1125 2565 10).
1151 2538 1329 2564 designatur:
1346 2537 1438 2568 defigu-

991 2574 1057 2593 ratur
1072 2570 1129 2593 Ναί.
1141 2576 1215 2598 4221.

1492 310 1555 334 ΒΘ]
1559 309 1715 340 (hreues)OX
1721 310 1781 333 Par.
1788 310 1844 333 Lat.
1855 317 1864 333 1
1869 310 1941 341 0438.

1492 601 1525 620 ac
1538 592 1607 620 dicit
1618 591 1766 628 discipulis
1777 596 1808 620 ut
1820 591 1941 620 uendito

1531 639 1705 667 uestimento
1741 643 1840 667 emant
1881 638 1941 675 gla-

1532 686 1622 714 dium.

1493 925 1559 953 XX.
1579 925 1668 954 Iudas
1677 924 1792 953 tradidit
1804 924 1864 952 ihm
1876 934 1942 962 pas-

1534 973 1577 1000 sio
1606 972 1654 1000 ihu
1682 978 1710 1000 et
1740 972 1886 1009 sepultura
1915 976 1943 1000 et

1533 1020 1701 1048 resurreetio
1714 1019 1776 1047 eius
1787 1024 1815 1047 et
1823 1019 1941 1056 reliqua.

1525 1917 1638 1940 XVIIII.
1658 1919 1806 1945 discipulis
1816 1919 1890 1941 ÷suis
1902 1919 1928 1942 J.

1524 1950 1580 1973 XX.
1599 1952 1674 1973 ihm:
1694 1951 1752 1973 dfirn
1766 1951 1827 1974 ΒΘ]
1841 1951 1939 1979 Thom.;

1498 1987 1572 2006 ÷erat
1591 1986 1673 2006 autem
1688 1983 1737 2007 fere
1755 1983 1816 2006 hora
1832 1988 1898 2007 sexta
1912 1984 1938 2007 J.

1490 2018 1519 2039 et
1538 2017 1661 2043 reliqua:
1685 2024 1730 2039 om.
1751 2016 1774 2039 Θ
1792 2017 1892 2045 ΤΙιοηι.;
1916 2020 1940 2040 et

1490 2052 1570 2072 cetera
1581 2049 1608 2072 J.

1523 2082 1564 2104 lla
1585 2081 1644 2112 legit
1670 2082 1746 2111 10438
1771 2082 1810 2105 De
1830 2082 1940 2105 oratione

1489 2114 1530 2137 dni
1542 2118 1566 2137 et
1579 2114 1650 2137 iudae
1663 2114 1793 2138 traditione

1523 2147 1561 2170 De
1573 2147 1614 2169 dni
1627 2147 1743 2177 passione

1505 2211 1510 2216 .
1522 2180 1562 2202 De
1582 2180 1707 2210 sepultura
1724 2183 1748 2203 et
1766 2180 1940 2204 resurrectione

1489 2220 1542 2235 eius

1523 2246 1562 2268 De
1582 2252 1611 2267 eo
1632 2245 1674 2268 ubi
1695 2245 1792 2268 duobus
1813 2245 1940 2276 discipulis

1489 2277 1560 2300 tertia
1567 2277 1607 2300 die
1616 2277 1687 2301 uiuus
1696 2277 1720 2301 in
1730 2278 1850 2309 peregrini
1859 2278 1940 2309 specie

1488 2311 1513 2333 in
1526 2310 1567 2333 uia
1579 2311 1692 2341 apparuit

1522 2343 1561 2366 De
1578 2351 1608 2366 eo
1626 2344 1668 2366 ubi
1684 2343 1730 2366 dns
1751 2343 1831 2366 innuis
1849 2343 1938 2366 clausis

1488 2375 1648 2406 introgressus
1665 2376 1690 2398 in
1708 2376 1790 2399 medio
1806 2375 1938 2406 discipulo—

1489 2416 1542 2431 rum
1555 2408 1669 2439 apparuit
1682 2412 1705 2431 et
1721 2408 1851 2439 scripturas
1866 2408 1896 2431 de
1913 2416 1938 2431 se

1489 2441 1626 2472 praedictas
1646 2441 1755 2470 apernit:
1779 2444 1802 2463 et
1822 2443 1940 2463 numerat

1489 2474 1599 2504 capitula
1612 2473 1708 2496 LXXX
1721 2481 1769 2496 non
1782 2473 1838 2496 XX.

1524 2506 1620 2529 δηίων.
1634 2506 1698 2535 εΧρῙ.
1707 2506 1805 2529 elencns
1814 2506 1938 2536 euangelii

1491 2539 1559 2562 lucae
1569 2539 1596 2564 Β,
1609 2538 1743 2569 expliciunt
1754 2539 1838 2561 breues
1850 2538 1944 2569 euang‘l‘

1492 2571 1522 2599 Θ,
1546 2571 1680 2602 expliciunt
1703 2571 1788 2594 breues
1816 2571 1939 2602 euangelii

1490 2603 1561 2627 lucae
1578 2604 1606 2633 J,
1624 2603 1684 2634 expl
1700 2603 1800 2634 capituli
1819 2603 1888 2627 lucae
1907 2604 1938 2629 O.

1491 2636 1657 2666 explicuerunt
1670 2636 1755 2660 brebes
1767 2637 1798 2659 X.
