2258 3157
438 228 706 258 PRAEFATIO
740 228 837 258 CAP.
861 227 911 257 II.
968 228 1035 256 DE
1066 228 1318 257 EDJTORUM
1349 226 1617 256 SOCJETATE.
1747 227 1783 257 ix

287 326 477 356 progressus
498 319 546 346 est
564 320 598 345 ut
615 326 634 345 a
651 314 684 345 S.
702 313 843 344 Matthei
867 313 1011 353 capitulo
1034 314 1141 353 primo
1163 315 1204 344 ad
1223 313 1256 344 S.
1275 313 1378 344 Marci
1401 313 1581 353 capitulum
1606 312 1783 352 septimum

286 378 384 398 manu
409 378 468 398 sua
496 367 625 397 notulas
650 370 862 405 componeret
886 371 919 396 et
944 367 1154 396 exscriberet.
1212 366 1366 405 Denique
1389 366 1430 395 ad
1456 365 1601 404 regimen
1629 364 1786 394 ecclesiae

287 419 537 450 Sarisburiensis
555 429 667 448 mense
683 418 820 448 Octobri
838 417 912 447 anni
934 416 1015 455 1885
1034 423 1199 454 euocatus,
1217 423 1347 456 tempus
1364 417 1425 447 sibi
1446 417 1559 447 deesse
1576 417 1617 446 ad
1640 416 1787 455 quotidi-

287 481 368 501 anos
384 471 500 509 calami
517 470 646 501 labores
664 480 743 499 mox
760 469 921 499 intellexit
939 474 971 499 et
990 470 1020 499 in
1044 470 1150 508 operis
1172 469 1364 499 societatem
1386 473 1580 508 perpetuam
1604 467 1785 498 Henricum

289 522 450 552 Iulianum
468 522 581 552 White
598 531 708 551 mense
725 520 881 559 Augusto
899 521 973 550 anni
998 520 1079 550 1886
1096 521 1246 551 adsciuit.
1294 520 1360 560 Qui
1378 525 1409 550 et
1428 520 1497 560 ipse
1515 520 1578 549 iarn
1595 529 1682 549 anno
1703 518 1786 555 1884

287 575 434 605 codicem
452 573 709 613 Euangeliorum
728 572 941 602 Harleianum
953 571 1006 613 (Z)
1024 573 1209 603 contulerat
1222 577 1254 602 et
1273 572 1466 602 Professoris
1479 571 1636 601 Willelmi
1651 570 1788 609 Sanday

286 625 438 665 auspiciis
462 625 620 655 rationem
645 629 791 655 ueterum
819 623 1011 654 Latinorum
1037 625 1120 654 inter
1144 635 1177 654 se
1201 624 1315 654 sedulo
1340 624 1603 663 inuestigauerat.
1652 622 1685 652 Is
1708 632 1788 661 ergo

287 678 342 708 illo
370 676 457 708 anno
486 677 704 707 Sarisburiam
733 676 887 715 migrauit
912 681 944 705 et
972 676 1093 706 exinde
1119 676 1299 706 maximam
1329 685 1449 714 operae
1474 674 1633 714 grauioris
1660 678 1787 713 partem

288 729 449 765 sustinuit,
467 734 498 759 et
521 729 552 758 in
574 728 694 758 notulis
713 729 806 758 nouis
829 728 1062 767 componendis
1087 733 1118 758 et
1144 728 1175 757 in
1194 727 1360 757 ueteribus
1385 726 1590 756 recensendis
1610 726 1789 755 emendan-

288 782 412 820 disque,
429 786 461 810 et
479 781 510 810 in
532 780 659 810 schedis
678 779 963 819 typographorum
988 779 1195 819 corrigendis.
1243 779 1369 808 Priores
1391 779 1490 808 etiam
1516 778 1652 817 paginas
1674 775 1788 817 (1—39)

288 843 373 872 quae
389 832 607 872 praefationes
624 836 656 862 et
674 831 815 871 capitula
833 831 999 861 continent
1016 829 1111 871 (opus
1128 840 1193 860 non
1216 830 1308 869 parui
1324 827 1458 869 laboris)
1478 829 1545 868 ipse
1565 829 1713 867 digessit,
1730 828 1787 858 sed

287 885 397 915 omnia
417 884 562 924 collegae
579 884 715 914 senioris
732 883 833 913 oculis
850 883 997 913 subiecit.
1044 882 1167 912 Omnes
1185 882 1283 911 etiam
1300 881 1361 911 loci
1379 881 1584 911 difficiliores.
1607 880 1657 910 uel
1675 880 1730 910 ubi
1747 880 1789 909 de

288 936 521 976 orthographia
537 940 665 965 tanturn
683 936 850 975 agebatur,
867 935 908 964 ab
926 935 1096 971 ambobus,
1110 934 1292 963 coniunctis
1309 933 1393 963 curis
1410 938 1441 962 et
1460 932 1584 968 studiis,
1602 931 1790 971 inuestigati

288 993 375 1023 sunt,
393 993 428 1018 ut
445 998 555 1017 ueram
573 988 604 1017 in
621 988 772 1017 omnibus
789 987 978 1016 societatem
995 986 1133 1016 lectores
1151 995 1329 1024 agnoscere
1346 989 1506 1024 oporteat.

332 1039 443 1070 Amici
461 1049 537 1070 uero
554 1039 609 1078 qui
631 1040 662 1069 in
684 1039 746 1069 hoc
768 1049 866 1077 opere
887 1038 1031 1078 parando
1055 1038 1149 1067 nobis
1166 1046 1299 1076 operam
1323 1036 1556 1076 praestiterunt
1581 1039 1630 1065 tot
1655 1039 1730 1065 sunt
1754 1039 1790 1065 ut

289 1092 347 1121 uix
364 1092 524 1121 numerari
542 1092 668 1130 possint
684 1102 689 1128 ;
713 1101 771 1121 nec
787 1090 968 1129 quidquam
992 1089 1162 1119 iucundius
1183 1088 1408 1118 recordatione
1430 1092 1478 1118 est
1496 1097 1595 1126 quam
1618 1087 1790 1117 doctorum

289 1143 458 1173 hominurn
479 1143 548 1173 sine
572 1143 637 1173 ulla
659 1143 779 1172 inuidia
804 1143 836 1171 in
860 1142 910 1171 his
932 1141 1048 1171 studiis
1073 1140 1266 1170 Christianis
1291 1139 1451 1169 beneuola
1476 1139 1688 1169 consuetudo.
1736 1138 1792 1168 Ex

292 1194 537 1225 Oxoniensibus
551 1195 760 1235 praedicandi
773 1198 847 1224 sunt
862 1192 1081 1223 Cancellarius
1096 1197 1205 1222 noster
1219 1191 1368 1221 Marchio
1380 1191 1421 1221 de
1433 1190 1625 1227 Sarisburia,
1637 1190 1702 1230 qui,
1713 1191 1792 1220 dum

292 1246 465 1277 Secretarii
483 1247 578 1286 Regii
600 1247 641 1276 ad
662 1257 711 1276 res
734 1251 884 1276 externas
907 1255 1022 1274 munus
1039 1249 1159 1283 ageret.
1177 1244 1371 1274 auctoritate
1392 1254 1450 1273 sua
1472 1243 1502 1272 in
1523 1242 1685 1281 Hispania
1707 1247 1739 1272 et
1762 1242 1794 1272 in

293 1298 390 1329 Italia
406 1298 500 1329 nobis
525 1299 611 1329 uiam
634 1298 771 1328 muniuit
787 1310 794 1334 ς
820 1301 836 1332 Ἰ’
853 1297 895 1326 H.
914 1297 954 1327 O.
974 1296 1076 1332 Coxe,
1094 1295 1368 1326 Bibliothecarius
1392 1305 1520 1334 semper
1541 1293 1722 1329 deflendus,
1738 1293 1793 1324 W.

295 1349 430 1390 Sanday
453 1351 484 1381 in
505 1350 554 1380 his
579 1355 613 1380 ut
636 1351 667 1380 in
692 1350 762 1379 aliis
787 1349 931 1388 optimus
955 1349 1142 1384 amicorum,
1161 1347 1196 1377 F.
1216 1347 1350 1383 Madan⁷
1367 1346 1418 1376 W.
1438 1346 1473 1377 C.
1492 1346 1561 1375 Bell
1579 1356 1596 1376 e
1616 1345 1688 1376 coll.
1705 1345 1794 1376 Aen.

293 1402 372 1432 Nas.
390 1400 458 1443 <qui
481 1402 673 1433 collationes
690 1401 844 1437 walkeri,
863 1400 980 1430 Casleii
998 1405 1030 1430 et
1053 1399 1200 1435 Bentleii,
1218 1399 1248 1428 in
1273 1398 1455 1437 Euangelia
1478 1408 1519 1427 ex
1538 1397 1621 1428 libro
1639 1398 1691 1427 Tr.
1711 1397 1794 1428 Coll.

294 1453 388 1484 Cant.
407 1454 442 1484 B.
461 1455 530 1485 xvii
553 1461 571 1492 5
588 1454 684 1484 huius
701 1453 806 1492 operis
823 1453 928 1492 gratia
945 1450 1142 1492 exscripsit),
1160 1451 1212 1480 W.
1232 1450 1344 1480 Marsh
1363 1455 1393 1480 et
1410 1450 1439 1488 J.
1459 1449 1494 1479 C.
1510 1450 1621 1489 Ropcr
1637 1450 1669 1479 in
1686 1449 1794 1489 priore

292 1506 479 1536 notularum
500 1511 591 1546 parte
611 1505 839 1545 componenda
864 1505 919 1534 fidi
942 1504 1116 1539 adiutores⁷
1134 1507 1165 1533 et
1189 1502 1381 1543 praesertim
1401 1501 1439 1532 G.
1458 1502 1504 1531 M.
1522 1501 1720 1541 Youngman
1743 1505 1795 1531 tot

293 1559 444 1588 codicum
462 1559 637 1589 acerrimus
654 1557 791 1587 collator
808 1561 839 1586 et
857 1556 928 1586 libri
946 1555 1149 1585 Armachani
1166 1555 1357 1593 exscriptor,
1376 1558 1408 1583 et
1430 1553 1605 1583 adiutrices
1628 1554 1660 1582 in
1683 1552 1795 1583 multis

294 1610 625 1641 beneuolentissimae
644 1610 680 1639 E.
699 1614 731 1639 et
747 1609 775 1648 J.
792 1608 940 1647 Johnson
959 1606 1120 1637 Manuelis
1137 1606 1232 1636 filiae.
1282 1606 1336 1635 Ex
1360 1604 1685 1644 Cantabrigiensibus
1703 1604 1740 1634 B.
1760 1604 1795 1635 F.

297 1661 475 1693 Westcott1
488 1662 542 1701 qui
556 1662 636 1692 haec
648 1661 933 1699 studiatantopere
945 1659 1110 1695 excitauit⁷
1122 1663 1153 1688 et
1167 1658 1237 1696 F.J.
1249 1656 1292 1687 A.
1302 1657 1389 1687 Hort
1402 1657 1455 1696 qui
1467 1657 1566 1687 etiam
1574 1661 1796 1687 nuncstrenue

296 1718 328 1744 et
346 1724 465 1754 magna
483 1724 556 1744 cum
574 1714 720 1743 doctrina
742 1713 831 1742 fouet
847 1724 852 1749 ;
878 1711 897 1742 †
911 1711 952 1740 H.
972 1711 1149 1740 Bradshaw
1166 1710 1303 1740 dilectus
1328 1709 1494 1748 quondam
1517 1707 1794 1743 bibliothecarius,

296 1765 457 1805 Magister
475 1770 507 1795 et
525 1765 612 1795 Socii
625 1764 761 1803 Collegii
775 1764 808 1794 S.
823 1763 991 1793 Trinitatis
1007 1763 1062 1801 qui
1081 1761 1221 1791 Bentleii
1238 1761 1337 1790 libros
1354 1760 1588 1790 humanissime
1601 1760 1797 1789 commoda—

296 1823 422 1853 uerunt,
437 1817 468 1847 S.
484 1817 517 1847 S.
532 1817 637 1847 Lewis
651 1822 682 1847 et
694 1816 736 1846 A.
748 1815 800 1846 W.
815 1815 952 1845 Streane
969 1825 1011 1844 ex
1031 1813 1179 1853 Collegio
1198 1813 1354 1852 Corporis
1373 1811 1504 1847 Christi,
1520 1817 1551 1841 et
1567 1811 1643 1841 Chr.
1657 1810 1794 1841 Words—

296 1870 409 1907 worth,
428 1869 657 1908 Christophori
672 1867 907 1898 Lincolniensis
924 1866 1016 1903 filius,
1031 1865 1114 1896 Coll.
1130 1865 1162 1895 S.
1178 1865 1263 1895 Petri
1278 1865 1445 1903 quondam
1459 1863 1564 1893 socius
1575 1868 1608 1893 et
1626 1862 1796 1893 Ecclesiae

296 1922 536 1952 Glastoniensis
551 1921 683 1951 Rector.
731 1920 784 1949 Ex
803 1918 1061 1949 Dublinensibus
1075 1918 1112 1947 T.
1128 1917 1171 1947 K.
1185 1916 1318 1946 Abbott
1336 1920 1368 1946 et
1385 1915 1413 1954 J.
1432 1915 1570 1954 Gwynn,
1585 1914 1796 1945 Professores.

342 1974 379 2003 In
398 1974 514 2004 Museo
547 1973 742 2009 Britannico,
768 1972 808 2001 E.
837 1971 983 2000 Maunde
1009 1969 1202 2008 Thompson
1229 1973 1260 1998 et
1288 1967 1327 1998 G.
1357 1968 1392 1997 F.
1414 1967 1561 2003 VVarner,
1588 1966 1632 1995 rei
1665 1971 1797 1996 nostrae

297 2036 427 2065 semper
449 2025 599 2055 bcneuoli
624 2025 809 2057 adiutores;
841 2023 870 2052 in
891 2022 1090 2052 bibliotheca
1112 2020 1326 2050 Dunelmensi
1345 2019 1530 2049 VVillelmus
1550 2017 1740 2055 Greenwell,
1766 2018 1797 2047 in

297 2078 497 2108 bibliotheca
515 2076 795 2116 Stonyhurstensi‚
812 2074 865 2104 W.
885 2075 927 2104 H.
947 2074 1043 2113 Eyre,
1060 2078 1092 2103 et
1112 2073 1293 2102 Herbertus
1312 2071 1428 2102 Lucas.

341 2131 432 2160 Inter
442 2129 643 2160 Teutonicos
661 2128 870 2158 Hermannus
885 2125 1047 2161 Roenzch,
1065 2125 1221 2154 librorum
1240 2123 1496 2158 utihssimorum,
1514 2120 1620 2151 ‘Itala
1634 2120 1703 2150 und
1721 2119 1799 2151 Vul-

290 2182 387 2222 gata’
408 2187 440 2212 et
461 2182 548 2211 Noui
565 2180 773 2210 Testamenti
790 2178 1002 2208 Tertullianei
1020 2177 1135 2214 editor,
1157 2176 1316 2205 Ernestus
1342 2174 1458 2204 Ranke
1483 2174 1514 2203 in
1539 2172 1590 2202 his
1613 2172 1730 2203 studiis
1754 2182 1798 2202 ex

300 2235 399 2273 longo
425 2238 573 2273 tempore
601 2232 744 2272 impiger,
772 2236 804 2261 et
835 2230 950 2260 Petrus
976 2230 1126 2262 Corssen,
1150 2228 1204 2267 qui
1229 2226 1334 2256 simile
1358 2226 1453 2256 nobis
1478 2235 1560 2264 opus
1585 2224 1616 2254 in
1648 2223 1798 2253 manibus

299 2287 408 2323 habet,
425 2285 474 2316 cui
493 2284 587 2314 utiles
604 2294 663 2313 nos
680 2283 746 2313 fore
769 2287 803 2312 ut
821 2282 911 2312 illum
930 2281 1023 2311 nobis
1043 2291 1084 2310 ex
1107 2280 1203 2310 corde
1220 2288 1396 2318 speramus.
1454 2277 1582 2316 Quibus
1598 2275 1798 2315 adiungendi

301 2344 376 2369 sunt
410 2337 572 2367 Iohannes
598 2335 774 2371 Belsheim,
803 2334 1022 2373 Norwegicus,
1052 2337 1103 2362 tot
1127 2331 1276 2361 codicum
1302 2330 1414 2363 editor,
1437 2329 1530 2358 nobis
1560 2328 1798 2363 amicissimus;

300 2396 332 2421 et
354 2388 589 2420 bibliothecarii
612 2388 650 2417 L.
670 2386 791 2423 Sieber,
809 2385 1012 2417 Basileensis,
1034 2389 1066 2414 et
1088 2384 1112 2413 I.
1131 2383 1297 2416 Idtenson,
1315 2380 1547 2421 Sangallensis,
1571 2379 1799 2409 humanissimi

300 2442 480 2473 hominum.
539 2440 593 2469 Ex
620 2438 852 2469 Parisiensibus
877 2436 1067 2476 Leopoldus
1096 2434 1228 2469 Delisle‚
1254 2433 1462 2464 doctissimus
1490 2431 1739 2471 bibliographus
1766 2435 1800 2461 et

337 2536 345 2550 ¹
367 2536 557 2563 Conferendus
576 2540 618 2560 est
635 2534 753 2560 maxime
772 2537 904 2558 tractatus
925 2531 984 2557 eius
1010 2531 1127 2564 lf'ulgate
1149 2529 1175 2555 in
1197 2529 1311 2555 Smith⁷s
1329 2528 1497 2560 Dii-sz'omzry
1515 2527 1550 2561 qs
1562 2526 1607 2552 tlte
1626 2526 1712 2556 Bzffle,
1731 2531 1799 2552 tom.

304 2579 340 2605 iii.
352 2587 397 2612 pp.
409 2577 573 2609 1688-1718.
612 2576 735 2606 London,
751 2575 825 2607 1863.
858 2574 948 2599 Multa
961 2572 1045 2599 etiam
1060 2571 1174 2597 consilio
1187 2576 1213 2597 et
1227 2570 1353 2603 exemplo
1366 2568 1425 2595 eius
1440 2569 1582 2600 debemus,
1594 2567 1757 2601 praesertim
1772 2566 1800 2593 in

300 2623 389 2649 forma
403 2621 492 2655 operis
506 2620 696 2647 describenda.

1071 2660 1092 2690 b
