2209 3147
387 329 492 359 DEPGQ
501 336 559 353 aur.

222 655 255 685 L.
281 655 384 684 Homo
410 656 530 692 quidam
555 655 655 683 habuit
681 666 721 684 ·11·

261 703 335 731 filios
352 707 380 730 et
400 702 511 730 diuissit
530 702 570 730 eis
591 703 722 730 substan-

262 750 340 778 tiam.

221 796 267 825 De
282 796 367 825 uilieo
383 795 540 833 iniquitatis
555 795 634 833 quod
654 805 722 833 pru—

262 844 363 872 denter
377 842 451 870 fecit.

222 1070 271 1098 LI.
294 1069 391 1098 Nemo
415 1076 512 1108 potest
535 1071 648 1100 duobus
671 1072 721 1100 do-

262 1126 346 1145 mmlS
362 1126 475 1146 Serull‘e.

221 1304 279 1340 Qui
300 1305 424 1333 Dimittit
442 1315 564 1334 uxorem
584 1311 611 1334 et
635 1306 719 1334 aliam

262 1351 339 1380 ducit
353 1352 511 1380 mechatur.

221 1491 286 1520 LII.
309 1492 355 1521 De
395 1493 522 1531 quodam
564 1493 652 1521 diuite
691 1499 719 1522 et

260 1539 376 1568 latzaro.

220 1727 275 1755 Per
310 1735 398 1764 quem
433 1728 513 1756 uenit
550 1727 718 1756 scandalum

260 1775 371 1802 bonum
393 1779 454 1802 erat
477 1775 502 1802 ei
525 1784 585 1803 non
608 1775 697 1804 nasci.

219 1964 301 1992 LIII.
326 1964 355 1992 Si
370 1966 532 2001 peccauerit
547 1966 583 1994 In
595 1971 621 1994 te
634 1966 718 1994 frater

260 2016 325 2039 tuus
341 2012 454 2048 corripe
466 2021 534 2040 eum
546 2018 573 2040 et
586 2013 718 2041 dixerunt

260 2058 391 2094 discipuli
414 2059 498 2095 Auge
521 2060 606 2088 nobis
629 2060 717 2088 fidem

259 2110 287 2132 et
302 2104 370 2132 dicit
386 2104 421 2133 de
438 2114 521 2134 seruo
538 2112 645 2135 arante.

252 2284 279 2308 L.
299 2285 427 2312 quidam:
441 2285 483 2316 qui
493 2285 524 2309 G.
559 2288 614 2310 eis:
628 2286 676 2310 illis
684 2287 714 2310 G.

218 2319 253 2341 de
265 2319 352 2341 uilieo
362 2326 366 2341 :
386 2317 433 2341 inc.
442 2318 502 2341 LVI
514 2318 549 2345 ΞΡ,
562 2319 609 2341 inc.
619 2319 653 2342 LI
667 2320 715 2350 GQ

218 2358 275 2373 aur.
289 2350 422 2381 (uilicum).

251 2383 307 2406 LII.
324 2385 429 2406 latzaro
446 2389 463 2406 ψ
479 2386 503 2406 et
520 2383 573 2413 OEPQ
582 2392 638 2407 aur.
673 2393 716 2415 per

217 2423 266 2446 quo
275 2423 332 2438 αιιν.
366 2417 407 2440 ei:
426 2415 463 2438 issi
472 2416 533 2443 ZPG,
542 2419 565 2439 et
579 2420 605 2443 >
616 2417 653 2440 illi
665 2421 716 2441 erat

217 2448 241 2478 Q
250 2456 307 2471 aur.

250 2481 320 2504 LIII.
339 2489 385 2505 am.
403 2482 434 2504 in
451 2484 478 2504 te
498 2481 611 2512 GQaur.
649 2483 714 2509 >fn

217 2517 272 2537 tuus
296 2514 319 2536 in
342 2518 365 2537 te
388 2514 423 2537 ΞΡ.
458 2522 537 2537 eum:
564 2514 635 2537 illum
657 2523 713 2538 aur.

215 2546 311 2577 adauge:
331 2555 388 2570 aur.
424 2550 509 2570 orante
529 2548 599 2577 lapsu
624 2548 655 2571 D.
690 2552 715 2571 et

215 2579 246 2602 de
258 2586 354 2603 seruum
366 2583 475 2603 arantem
489 2579 548 2603 dicit
560 2587 617 2603 aur.

797 244 1059 273 SECUNDUM
1077 245 1103 272 L
1112 245 1247 275 UCAM.

937 329 955 351 J
965 329 1109 359 (capitula).

777 653 825 681 LI.
849 653 894 681 De
911 653 1029 683 homine
1046 655 1094 692 qui
1110 655 1184 684 duos
1201 656 1277 684 filios

819 700 918 729 habuit
934 706 962 729 et
976 701 1011 729 de
1028 702 1101 730 stola
1116 708 1143 730 et
1158 703 1257 731 anulo.

778 793 842 822 LII.
865 794 911 823 De
923 794 1041 823 homine
1053 796 1140 824 diuite
1152 802 1179 824 et
1192 797 1275 825 uih'co

818 846 845 869 et
860 841 1039 870 debitoribus
1054 847 1082 870 et
1097 852 1245 872 mamona.

776 1075 856 1103 [ΙΙΙ.
880 1075 949 1104 Non
972 1085 1058 1112 posse
1086 1076 1199 1105 duobus
1222 1077 1274 1105 do-

816 1123 901 1150 minis
923 1123 1030 1151 seruire
1052 1128 1080 1151 et
1103 1124 1138 1151 de
1160 1123 1224 1160 lege
1247 1129 1274 1152 et

816 1170 963 1206 prophetis
987 1179 1078 1207 usque
1107 1171 1144 1199 ad
1172 1170 1273 1199 iohan-

814 1226 891 1244 nem.

774 1493 871 1522 LIIII.
895 1494 940 1523 De
957 1495 1076 1524 homine
1092 1496 1179 1525 diuite
1195 1503 1222 1525 et
1238 1497 1273 1525 de

813 1541 909 1569 lazaro
953 1551 1080 1580 paupere
1123 1549 1150 1571 et
1193 1549 1273 1581 patre

814 1588 963 1616 abraham.

772 1972 834 1999 LV.
857 1971 902 2000 De
918 1979 1071 2010 peccatore
1087 1975 1271 2012 corripiendo

812 2024 840 2047 et
856 2019 903 2047 ubi
920 2026 1021 2057 petunt
1035 2021 1167 2059 discipuli
1183 2023 1270 2051 fidem

813 2067 865 2095 sibi
905 2069 1001 2105 augeri
1039 2074 1067 2097 et
1111 2070 1147 2098 de
1186 2079 1269 2098 seruo

811 2119 919 2142 arante.

1767 255 1826 288 297

1390 329 1414 352 K
1424 330 1500 353 Harl.
1515 335 1577 360 2790
1587 330 1667 353 [Vane.
1677 331 1764 354 Bamb.

1331 652 1487 681 XLVIIII.
1526 654 1571 683 De
1613 655 1726 683 duobus
1765 657 1829 685 filiis

1371 706 1454 729 suam
1469 710 1543 729 unus
1562 702 1706 739 dissipans
1722 704 1829 739 portio-

1372 757 1449 775 nem.

1330 794 1364 822 L.
1387 794 1432 822 De
1454 796 1551 824 uillieo
1574 805 1609 824 ex
1635 796 1735 833 iniquo
1762 806 1829 834 pru-

1371 842 1457 871 denti.

1328 1500 1377 1529 LI.
1414 1500 1460 1528 De
1490 1501 1576 1530 diuite
1607 1507 1764 1540 purpurato
1800 1508 1827 1531 et

1368 1548 1503 1577 lazarum.

1326 1838 1390 1867 LII.
1423 1839 1467 1868 De
1499 1841 1640 1869 scandalis
1673 1841 1825 1869 imminen-

1366 1887 1442 1915 tibus
1472 1893 1499 1915 et
1525 1888 1602 1916 fratri
1627 1898 1740 1925 Semper
1762 1897 1824 1917 esse

1365 1935 1543 1971 parcendum
1559 1936 1725 1973 paenitenti.

1354 2298 1381 2321 L.
1401 2306 1430 2321 ex
1442 2298 1466 2321 in
1480 2306 1529 2329 quo
1542 2299 1673 2330 prudentes
1686 2300 1719 2324 K.

1354 2331 1395 2354 LI.
1414 2335 1576 2362 purpuratum
1588 2332 1670 2356 Nauc.
