2209 3147
707 256 933 286 CAPITULA
960 255 1067 284 ALIA
1096 255 1155 283 IN
1171 254 1386 284 MARCUM.

546 350 607 372 Par.
620 349 677 371 Lat.
690 348 722 371 6⁴.

264 398 406 427 XXVIII.
449 397 574 425 Puerum
611 406 627 423 a
662 396 798 424 demonio
834 395 951 423 surdum
983 400 1010 423 et

303 450 415 473 mutum
439 448 521 472 sanat
544 466 550 471 .
569 451 655 480 quem
681 442 812 478 discipuli
835 442 927 469 eicere
950 450 1010 469 non

303 496 435 529 poterant
458 512 463 518 .
489 495 517 518 et
547 489 704 526 discipulos
733 489 768 516 de
797 497 848 516 sua
876 489 1011 525 passione

303 538 413 566 instruit
429 559 434 564 .
449 542 476 564 et
495 545 617 573 puerum
637 535 666 563 in
686 535 784 563 medio
802 540 930 562 statuens
945 535 1012 562 dicit

303 585 352 622 qui
366 584 426 612 uult
440 584 550 620 primus
566 591 639 610 esse.

261 860 413 892 XXVHP.
439 861 514 889 Dicit
542 861 568 888 ei
597 860 681 888 iohns
707 882 712 888 .
737 860 861 888 uidimus
886 859 1011 897 quedam

300 910 450 938 eicientem
472 907 626 936 daemonia
642 929 647 934 .
663 913 692 935 et
712 907 760 944 qui
782 912 883 944 potum
902 906 1011 934 dederit

301 957 419 985 calicem
434 965 509 993 aque
524 954 625 991 frigide
638 975 643 981 .
659 959 687 982 et
702 954 737 982 de
749 963 838 981 manu
853 959 881 981 et
896 952 969 990 pede
984 957 1012 980 et

300 1003 417 1032 occulos
433 1002 551 1030 eruendi
568 1024 573 1029 .
590 1007 617 1029 et
635 1002 717 1029 abete
733 1001 761 1028 in
776 1001 860 1029 uobis
875 1000 972 1028 salem.

260 1098 356 1126 XXX.
372 1097 443 1125 Non
458 1097 563 1124 debere
583 1104 703 1123 uxorem
722 1095 823 1123 dimitti
841 1117 845 1122 .
861 1102 889 1122 et
909 1094 1011 1122 offere-

300 1146 371 1172 bant
385 1144 411 1172 ei
431 1143 568 1180 paruulos
584 1164 589 1169 .
605 1148 632 1170 et
647 1143 768 1180 quisque
793 1151 851 1170 non
874 1141 1013 1178 receperit

300 1200 422 1228 regnum
439 1190 485 1218 dei
501 1190 575 1218 sicut
590 1189 735 1226 paruulus.

260 1284 370 1313 XXXI.
394 1284 535 1321 Magister
557 1284 634 1311 bone
657 1283 727 1320 quid
750 1283 853 1311 faciam
869 1305 875 1310 .
891 1289 919 1310 et
939 1283 1010 1310 diffi-

300 1332 353 1359 cile
377 1337 419 1359 est
443 1330 621 1359 confidentes
645 1330 673 1357 in
697 1330 837 1366 peccunia
858 1330 959 1358 intrare
982 1331 1010 1357 in

301 1387 423 1415 regnum
453 1377 498 1405 dei
524 1400 529 1405 .
554 1383 581 1405 et
611 1386 698 1405 nemo
726 1384 768 1405 est
793 1377 842 1414 qui
871 1377 1011 1414 relinquat

301 1425 422 1453 domum
437 1430 486 1452 aut
500 1424 608 1452 fratres.

260 1613 388 1641 XXXII.
410 1613 471 1641 Filii
482 1612 618 1641 zebedaei
641 1617 741 1649 petunt
758 1617 787 1639 ut
810 1612 929 1639 sedeant
945 1621 1009 1639 cum

299 1660 348 1688 rhu
372 1683 377 1688 .
400 1666 427 1687 et
442 1660 514 1687 filius
535 1659 660 1687 hominis
681 1668 740 1687 non
756 1658 835 1686 uenit
856 1658 1010 1686 ministrari

301 1712 342 1735 set
358 1707 527 1734 ministrare.

260 1803 403 1831 XXXIII.
426 1802 529 1830 Filium
546 1802 642 1830 thimei
658 1811 757 1830 cecum
772 1802 816 1830 ihs
831 1802 988 1829 inluminat.

260 1896 420 1925 XXXIIII.
443 1896 601 1924 Adducunt
616 1895 726 1932 pullum
744 1917 749 1922 .
766 1901 792 1923 et
808 1896 909 1923 sedent
924 1904 1010 1932 super

300 1953 367 1972 eum
382 1943 442 1971 ihm
459 1944 538 1971 turbe
553 1943 680 1971 clamant
696 1951 814 1970 osanna.

260 1990 384 2018 XXXV.
405 1990 428 2018 F
430 1990 558 2018 iculneae
574 1989 719 2017 maledicit
736 2011 741 2016 .
757 1995 784 2017 et
799 1989 959 2017 uendentes
974 1990 1009 2017 de

300 2037 409 2074 templo
424 2037 496 2065 eicit.

261 2224 402 2253 XXXVI.
425 2224 504 2259 Qum
520 2224 627 2252 stabitis
646 2223 681 2251 ad
697 2224 837 2252 orandum
856 2245 862 2251 .
879 2224 1009 2251 dimittite

301 2272 325 2300 si
340 2271 410 2309 quid
425 2272 514 2299 abetis
524 2271 557 2299 in
573 2271 659 2299 corde
672 2293 678 2298 .
691 2276 718 2298 et
732 2271 910 2308 interrogant
926 2280 992 2299 eum
1005 2292 1010 2297 .

302 2319 331 2346 in
347 2328 405 2356 qua
421 2324 561 2355 potestate
576 2318 631 2346 hoc
647 2317 724 2345 facis.

261 2410 411 2440 XXXVP.
435 2411 480 2439 De
503 2412 589 2439 uinea
613 2417 641 2439 et
666 2411 777 2439 colonis
802 2411 851 2448 qui
874 2411 1010 2438 occidunt

303 2467 401 2487 seruos
418 2479 424 2485 .
439 2464 468 2486 et
482 2458 588 2486 herede
603 2464 631 2486 et
646 2458 717 2495 lapis
729 2467 815 2495 quem
835 2457 1009 2494 reprobaue-

302 2511 368 2533 runt
382 2505 592 2533 haedificantes.

1753 255 1814 294 695

1337 346 1397 368 Par.
1411 346 1468 368 Lat.
1484 352 1537 375 277·

1064 395 1206 422 XXXIX.
1243 395 1301 423 Ubi
1334 396 1447 422 sanauit
1483 404 1604 431 puerum
1633 405 1650 423 a
1678 396 1816 424 demonio

1105 451 1191 478 quem
1214 451 1274 469 non
1296 447 1450 478 potuerunt
1473 442 1603 478 discipuli
1625 443 1694 470 eius.

1065 488 1128 516 XL.
1150 488 1209 515 Ubi
1235 488 1379 525 discipulis
1404 488 1433 515 in
1460 488 1548 516 domo
1573 488 1816 525 intenogantibus

1105 535 1253 572 respondit
1278 544 1339 563 non
1363 544 1449 571 posse
1471 544 1564 571 genus
1589 535 1659 563 illud
1683 536 1816 563 demonis

1105 582 1219 610 excludi
1235 582 1288 610 nisi
1303 582 1418 609 ieiuniis
1433 587 1461 609 et
1476 582 1663 610 orationibus.

1065 629 1144 656 XLI.
1166 628 1225 657 Ubi
1240 629 1276 656 de
1296 629 1431 665 passione
1446 634 1474 656 et
1491 628 1526 656 de
1541 629 1749 657 resurrectione
1765 638 1817 657 sua

1106 677 1221 704 dicebat
1253 676 1399 712 discipulis
1435 676 1575 703 transiens
1611 675 1731 703 latenter
1765 685 1817 712 per

1106 723 1259 760 gab-leam.

1065 770 1161 798 XLII.
1183 769 1242 798 Ubi
1265 779 1387 807 puerum
1414 769 1572 797 ostendens
1597 775 1624 796 et
1649 778 1716 797 eum
1737 778 1816 797 com-

1105 817 1208 854 plexus
1224 817 1321 845 docuit
1336 825 1387 844 eos
1401 816 1600 843 humilitatem.

1064 864 1175 892 XLIII.
1197 863 1256 891 Ubi
1272 870 1440 900 suggestum
1455 869 1498 890 est
1519 862 1557 890 illi
1573 862 1608 890 de
1624 863 1752 899 quodam
1767 863 1817 899 qui

1104 912 1134 939 in
1154 911 1272 939 nomine
1292 911 1352 938 eius
1375 909 1535 946 expellebat
1557 909 1726 937 demonium
1749 918 1816 937 cum

1105 967 1171 986 eum
1188 965 1353 994 sequeretur
1368 978 1373 984 .
1390 957 1428 984 ibi
1443 956 1555 984 locutus
1572 961 1615 984 est
1633 956 1669 984 de
1690 956 1816 984 tenebris

1105 1004 1287 1041 amputandis
1309 1013 1382 1040 quae
1405 1003 1600 1031 scandalizant
1622 1002 1771 1031 hominem
1787 1008 1816 1030 et

1106 1052 1141 1080 de
1157 1052 1214 1079 sale
1229 1051 1309 1088 quod
1324 1051 1462 1088 proicitur
1478 1051 1500 1078 si
1515 1050 1608 1077 fatuus
1623 1049 1713 1078 fuerit.

1065 1098 1191 1126 XLIIII.
1213 1098 1272 1126 Ubi
1293 1098 1485 1134 interrogatus
1503 1103 1545 1125 est
1567 1103 1663 1124 utrum
1683 1102 1816 1134 oporteat

1105 1146 1248 1173 dimittere
1264 1154 1394 1173 uxorem.

1065 1192 1156 1220 XLV.
1179 1192 1238 1220 Ubi
1254 1192 1323 1220 dixit
1342 1192 1486 1229 quicuque
1508 1201 1569 1220 non
1590 1191 1729 1228 receperit
1750 1201 1816 1228 reg-

1105 1249 1175 1267 num
1189 1239 1235 1267 dei
1251 1239 1333 1276 quasi
1348 1248 1419 1275 puer
1434 1248 1493 1266 non
1508 1239 1623 1266 intrabit
1638 1238 1668 1265 in
1683 1238 1743 1266 illo.

1064 1285 1172 1314 XLVI.
1196 1286 1254 1314 Ubi
1277 1286 1315 1313 ait
1337 1285 1447 1314 facilius
1469 1285 1613 1313 camelum
1636 1285 1743 1313 intrare
1764 1294 1816 1322 per

1104 1333 1235 1361 foramen
1251 1342 1319 1361 acus
1335 1342 1422 1369 quam
1445 1332 1564 1360 diuitem
1585 1333 1614 1359 in
1630 1341 1754 1368 regnum
1769 1332 1815 1360 dei

1106 1387 1133 1408 et
1154 1380 1222 1408 dixit
1245 1380 1314 1417 quid
1337 1380 1479 1416 recipiunt
1501 1380 1550 1416 qui
1574 1388 1626 1407 sua
1651 1379 1816 1416 relinquunt

1105 1433 1223 1465 propter
1256 1427 1479 1464 aeuuangelium
1511 1433 1539 1454 et
1578 1427 1613 1455 de
1649 1426 1815 1455 nouissimis

1104 1475 1204 1512 primis
1220 1482 1247 1502 et
1263 1475 1362 1511 primis
1378 1474 1552 1502 nouissimis.

1064 1521 1187 1549 XLVII.
1210 1521 1268 1549 Ubi
1283 1522 1444 1549 ascendens
1466 1520 1681 1549 iherosolimam
1702 1521 1815 1549 locutus

1104 1575 1148 1597 est
1163 1568 1198 1596 de
1214 1569 1347 1605 passione
1363 1574 1389 1596 et
1406 1568 1440 1596 de
1457 1568 1664 1596 resurrectione
1680 1577 1740 1595 sua.

1064 1615 1202 1643 XLVIII.
1226 1615 1284 1643 Ubi
1304 1615 1452 1652 respondit
1472 1615 1575 1643 iacobo
1597 1620 1624 1642 et
1647 1614 1765 1642 iohanni
1783 1620 1815 1642 ut

1105 1663 1201 1692 sedeat
1211 1662 1401 1690 addexteram
1407 1668 1435 1690 et
1447 1661 1483 1689 ad
1496 1661 1639 1689 sinistram
1649 1670 1745 1689 meam
1753 1670 1815 1689 non

1105 1715 1146 1738 est
1162 1719 1260 1738 meum
1276 1709 1344 1737 dare
1360 1709 1444 1737 uobis
1460 1730 1466 1736 .
1483 1714 1510 1736 et
1526 1708 1660 1736 omnibus
1676 1708 1747 1736 dixit
1764 1708 1813 1745 qui

1103 1757 1164 1784 uult
1174 1757 1306 1784 internos
1312 1756 1420 1793 primus
1431 1764 1493 1783 esse
1506 1755 1692 1782 eritomnium
1704 1763 1814 1782 seruus.

1035 1807 1037 1811 '
1063 1804 1171 1832 XLIX.
1192 1803 1251 1831 Ubi
1267 1812 1367 1831 cecum
1382 1803 1472 1830 uerbo
1485 1802 1626 1829 illuminat
1641 1802 1814 1829 clamantem

1103 1852 1238 1879 miserere
1254 1851 1309 1878 mei
1328 1850 1365 1877 fili
1381 1849 1475 1877 dauid.

1061 1898 1094 1926 L.
1106 1898 1165 1926 Ubi
1175 1897 1246 1925 sedit
1256 1897 1285 1924 in
1296 1897 1376 1934 pulio
1385 1896 1413 1923 in
1425 1905 1483 1933 quo
1493 1905 1580 1924 nemo
1587 1895 1683 1923 adhuc
1693 1895 1814 1923 sederat.

1063 1993 1111 2021 LI.
1127 1992 1185 2020 Ubi
1197 1990 1401 2028 circumspexit
1416 1989 1555 2026 templum
1565 1989 1653 2017 exiuit
1668 1989 1697 2016 in
1713 1988 1813 2017 betha-

1102 2040 1180 2067 niam
1196 2048 1262 2067 cum
1277 2037 1432 2066 duodecim
1448 2036 1601 2073 discipulis.

1063 2087 1127 2114 LII.
1150 2086 1208 2114 Ubi
1224 2086 1356 2113 arborem
1373 2084 1418 2111 fici
1434 2083 1589 2110 maledixit.

1064 2134 1145 2161 LIII.
1169 2132 1227 2160 Ubi
1257 2132 1291 2159 de
1322 2130 1431 2167 templo
1460 2130 1567 2167 expulit
1597 2129 1755 2157 uendentes
1785 2135 1813 2156 et

1104 2186 1241 2209 ementes.

1064 2227 1160 2255 LIIII.
1182 2226 1241 2254 Ubi
1258 2230 1437 2253 transeuntes
1453 2233 1519 2252 cum
1534 2232 1570 2251 eo
1585 2223 1716 2259 discipuli
1731 2223 1812 2251 uide-

1103 2279 1168 2302 runt
1197 2273 1307 2300 an'dum
1337 2272 1469 2300 arborem
1499 2271 1544 2299 cui
1574 2269 1758 2298 maledixerat
1785 2275 1813 2297 et

1103 2321 1216 2349 locutus
1231 2326 1274 2347 est
1293 2320 1334 2347 eis
1354 2319 1389 2347 de
1405 2318 1460 2346 fide
1481 2324 1507 2346 et
1528 2318 1563 2345 de
1580 2317 1709 2345 oratione
1729 2322 1757 2344 et
1776 2315 1825 2344 de·

1103 2368 1271 2396 remissione
1286 2372 1478 2404 peccatorum.

1062 2415 1125 2443 LV.
1147 2414 1205 2442 Ubi
1235 2413 1400 2441 sacerdotes
1429 2411 1615 2448 interrogauit
1640 2410 1676 2438 de
1701 2410 1810 2447 baptis-

1101 2469 1178 2489 mate
1193 2460 1327 2489 iohannis
1343 2465 1370 2487 et
1386 2459 1461 2487 dedit
1483 2459 1523 2486 eis
1544 2457 1758 2486 similitudinem
1774 2457 1811 2485 de

1102 2509 1187 2536 uinea
1208 2508 1300 2536 locata
1322 2507 1351 2534 in
1372 2516 1429 2544 qua
1449 2506 1537 2534 occisi
1558 2511 1623 2533 sunt
1641 2514 1714 2542 quos
1734 2504 1812 2532 misit

1102 2556 1238 2584 dominus
1252 2555 1363 2582 uineae.

1095 2635 1192 2658 XLIII.
1210 2636 1285 2662 quod
1297 2638 1365 2664 111.p.;
1384 2633 1425 2664 qui
1438 2641 1484 2656 mr.

1528 2684 1548 2711 4
1571 2681 1595 2703 X
1620 2683 1637 2703 2
