2209 3147
520 213 585 241 DE
606 213 749 241 NOUJS
769 211 1135 240 ADDITAMENI'IS
1160 211 1311 245 QLUAD
1337 210 1542 240 CODICES.
1720 211 1781 250 673

285 306 353 336 Ioh.
378 306 407 335 ii.
437 306 497 345 13).
544 306 671 334 Iudicat
696 305 807 343 itaque
833 304 955 342 Berger
977 304 1127 333 codicem
1153 303 1191 332 ff
1217 308 1345 332 textum
1372 313 1447 332 uere
1473 302 1624 332 Italicum
1650 303 1782 333 minime

281 358 412 393 habere,
440 366 545 395 neque
576 356 700 394 aliquid
731 356 863 385 obstare
894 355 1070 393 quominus
1102 365 1144 384 ex
1178 353 1284 383 Gallia
1315 359 1406 384 ortus
1437 359 1553 392 postea
1585 354 1616 383 in
1651 354 1780 384 Italiam

280 408 457 438 translatus
481 407 576 437 fuerit
600 407 688 447 (uide
713 413 745 436 et
766 407 817 436 W.
843 406 989 444 Sanday‚
1012 406 1076 435 lec
1099 406 1280 441 Guardiau,
1298 405 1387 444 Aug.
1407 415 1436 443 9,
1456 404 1547 445 1893,
1567 416 1595 445 p.
1617 404 1721 444 1257).

324 481 340 520 ξ
373 489 399 509 2.
439 479 490 509 De
518 479 618 509 codice
648 479 902 518 Ingelslczdz'ensz'
931 477 984 519 (I).
1043 478 1217 508 Lectiones
1252 478 1347 508 huius
1380 477 1504 508 codicis
1536 488 1577 507 ex
1610 478 1784 508 collatione

280 531 518 562 Tischendorfii
556 541 615 561 sua
654 541 750 560 manu
789 531 910 570 scripta
949 530 1113 570 (Anglicis
1152 530 1287 569 quidem
1327 529 1428 559 oculis
1468 529 1552 559 lectu
1588 529 1783 571 perdifficili)

279 583 519 617 citaueramus3
551 583 626 612 uide
650 581 888 621 praefationem
913 593 942 622 p.
967 582 1024 612 xii.
1074 581 1158 612 Cum
1183 582 1248 612 iam
1275 581 1458 621 Euangelia
1489 580 1642 618 Matthei,
1668 581 1782 614 Marci,

280 639 313 665 et
351 634 460 664 Lucae
494 634 526 663 in
559 633 665 663 lucem
707 634 795 664 edita
830 639 948 671 essent,
980 634 1133 673 apparuit
1167 633 1362 673 opusculum
1395 643 1524 662 summa
1554 633 1725 673 diligentia
1752 638 1785 663 et

279 686 527 726 perspicacitate
551 686 783 725 conscriptum,
806 691 940 716 auctore
970 686 1008 715 E.
1026 696 1090 716 von
1119 685 1323 719 DobschUtz,
1345 685 1396 714 cui
1423 685 1536 715 titulus
1560 684 1619 714 fuit
1646 684 1783 715 Studien

278 747 340 767 zur
362 737 546 767 Textkrz'tz'k
569 737 627 767 der
652 737 794 776 Uztlgala
818 736 965 778 (Lipsiae
993 736 1097 779 1894).
1155 737 1256 768 Cuius
1282 737 1382 766 libelli
1410 737 1515 776 prima
1539 747 1614 776 pars
1638 737 1785 766 continet

278 789 543 819 dissertationem
573 790 614 819 de
643 790 754 819 codice
783 790 808 826 I,
833 800 875 819 ex
905 800 969 829 qua
998 790 1250 829 recognouimus
1278 789 1567 819 Tischendorfium
1595 789 1681 818 haud
1710 799 1783 819 raro

278 841 311 870 in
345 840 522 871 collatione
553 851 610 870 sua
645 851 776 878 errasse,
810 851 869 871 nos
905 852 982 871 uero
1017 842 1148 881 saepius
1179 841 1286 871 forsan
1322 840 1453 871 notulas
1487 850 1562 871 suas
1598 851 1663 870 non
1698 847 1785 871 recte

278 891 405 932 legisse.
453 892 551 923 Certe
575 892 754 923 dolendum
781 899 829 923 est
854 894 942 933 quod
962 903 1026 923 von
1052 893 1247 923 Dobschiitz
1272 892 1481 923 collationem
1507 892 1628 923 codicis
1652 892 1784 931 plenam

279 954 343 974 non
376 945 514 980 dederit,
546 945 604 974 sed
636 949 765 975 tantum
798 955 922 975 errores
955 945 1007 975 uel
1034 944 1346 976 Tischendorfianos
1382 945 1433 974 uel
1470 949 1600 974 nostros
1635 944 1686 974 hic
1722 943 1786 974 illic

279 996 465 1033 notauerit;
503 1006 586 1035 quos
620 1001 731 1026 autern
769 997 869 1034 dedit,
902 997 986 1027 inter
1020 997 1269 1034 ‘Emendanda‚
1306 996 1509 1036 corrigenda,
1543 1001 1575 1026 et
1612 993 1786 1026 addenda’

279 1047 480 1077 inseruimus.
529 1047 646 1078 Codex
675 1053 724 1078 est
752 1049 828 1078 noni
856 1048 977 1078 saeculi
1011 1053 1046 1078 ut
1076 1054 1187 1079 monet
1213 1059 1278 1078 von
1306 1048 1509 1084 Dobschiitz,
1538 1058 1603 1077 non
1630 1048 1782 1087 septimi3

278 1104 310 1128 et
354 1099 385 1128 in
428 1099 632 1129 Bibliotheca
675 1099 908 1130 Universitatis
952 1100 1162 1130 Monacensis
1201 1100 1301 1130 habet
1340 1110 1510 1129 numerum
1551 1099 1624 1130 MS.
1659 1108 1697 1138 29
1730 1099 1784 1129 fol.

279 1149 565 1190 (Ingolstadiensis
589 1150 629 1181 ol.
658 1151 702 1180 Π.
728 1150 792 1192 30).

322 1224 338 1263 ᾧ
370 1233 398 1264 3.
436 1223 487 1254 De
516 1224 618 1254 codice
648 1225 749 1254 netem·
784 1224 966 1255 corbeiensi
999 1224 1083 1266 (ffz).
1146 1225 1321 1256 Lectiones
1356 1225 1451 1254 huius
1487 1225 1607 1255 codicis
1642 1225 1783 1264 primum

278 1276 412 1316 quidem
451 1286 493 1305 ex
532 1275 685 1306 Calmetii
725 1276 964 1315 collationibus,
999 1278 1118 1307 deinde
1156 1288 1198 1307 ex
1238 1277 1381 1307 editione
1421 1277 1578 1307 Iohannis
1618 1276 1782 1306 Belsheim

278 1326 511 1368 (Christianiae
547 1326 643 1368 1887)
675 1328 707 1357 in
743 1328 897 1359 Mattheo
929 1334 961 1359 et
999 1329 1114 1359 Marco
1146 1329 1309 1359 dedimus.
1374 1328 1471 1358 Hanc
1504 1328 1681 1358 editionem
1718 1329 1786 1368 ipse

279 1379 444 1410 Belsheim
476 1379 567 1409 breui
600 1384 750 1420 tempore
782 1380 965 1410 confectam
999 1391 1069 1411 esse
1101 1380 1276 1411 confitetur
1300 1379 1389 1420 (uide
1421 1380 1659 1420 praefationem
1691 1391 1784 1410 suam

279 1441 309 1470 p.
336 1431 367 1460 iv
391 1435 510 1470 ‘quum
535 1432 768 1461 tantummodo
797 1433 897 1462 breue
925 1438 1056 1471 tempus
1084 1433 1309 1463 commorandi
1339 1432 1469 1462 Parisiis
1499 1432 1577 1461 mihi
1606 1431 1708 1462 esset’
1728 1456 1733 1461 .
1754 1456 1784 1461 ..

278 1483 404 1513 ‘denuo
435 1489 594 1513 autumno
626 1482 705 1512 1886
738 1484 881 1514 breuiter
909 1494 961 1514 me
990 1486 1108 1515 iterum
1138 1485 1268 1515 Parisiis
1296 1482 1563 1521 commorante'3
1602 1490 1634 1514 et
1666 1484 1782 1514 iterum

278 1535 421 1574 append.
435 1535 532 1565 ‘hanc
546 1545 654 1565 meam
668 1535 879 1566 collationem
892 1537 969 1566 anni
988 1536 1067 1566 1886
1083 1537 1200 1566 iterum
1217 1536 1347 1567 Parisiis
1365 1536 1479 1566 decern
1494 1536 1563 1566 dies
1577 1546 1784 1566 commorans

280 1584 408 1628 reuisi')
440 1592 472 1616 et
505 1586 604 1626 paulo
638 1586 801 1626 posterius
834 1588 952 1618 eodem
986 1598 1073 1618 anno
1105 1588 1307 1627 appendicem
1339 1588 1418 1618 satis
1451 1588 1629 1617 multorum
1661 1594 1783 1618 errato-

279 1648 360 1674 rum,
384 1638 567 1677 iterumque
593 1638 637 1678 (p.
669 1637 739 1679 136)
764 1639 863 1669 etiarn
892 1639 1042 1669 addenda
1065 1640 1107 1669 ad
1134 1640 1351 1680 appendicem
1378 1640 1512 1669 curauit.
1561 1639 1645 1670 Cum
1673 1645 1785 1670 autem

279 1690 438 1719 reiteratis
477 1689 528 1720 his
566 1690 652 1719 curis
690 1690 822 1729 plenam
859 1690 1012 1721 fiduciam
1048 1692 1155 1731 operis
1195 1691 1414 1721 Belshemiani
1451 1701 1514 1721 non
1551 1691 1703 1722 habuerit
1738 1692 1786 1721 uir

278 1741 550 1781 diligentissimus
587 1740 618 1771 S.
652 1741 785 1781 Berger,
817 1743 957 1773 contulit
989 1743 1043 1773 ille
1074 1743 1209 1782 quidem
1242 1743 1421 1773 editionem
1453 1753 1527 1772 cum
1561 1743 1672 1773 codice
1704 1744 1783 1782 ipso,

278 1793 463 1832 iterumque
497 1798 604 1823 errata
641 1803 748 1832 neque
785 1804 890 1833 pauca
925 1805 1030 1834 neque
1065 1796 1157 1835 parui
1194 1795 1354 1825 momenti
1391 1793 1551 1834 (maxime
1583 1795 1717 1833 quidem
1752 1795 1783 1824 in

278 1843 529 1884 orthographia)
555 1845 786 1885 deprehendit.
844 1846 946 1876 Suam
976 1846 1183 1877 collationem
1211 1857 1276 1887 qua
1303 1857 1362 1877 sua
1389 1852 1438 1877 est
1469 1857 1600 1886 semper
1628 1847 1784 1877 comitate

278 1898 319 1928 ad
348 1907 407 1926 nos
435 1897 669 1937 benignissime
699 1898 891 1935 transmisit,
917 1909 982 1938 qua
1010 1899 1040 1928 in
1067 1899 1157 1929 Luca
1183 1905 1215 1929 et
1235 1899 1380 1928 Iohanne
1407 1903 1566 1938 perpetuo
1591 1899 1638 1929 usi
1663 1909 1784 1929 sumus.

280 1949 318 1978 In
359 1949 513 1979 Mattheo
550 1953 583 1978 et
619 1949 735 1979 Marco
775 1950 829 1979 ubi
870 1950 952 1980 inter
991 1956 1116 1981 ueteres
1156 1951 1294 1981 Latinos
1324 1950 1371 1990 ff2
1406 1956 1463 1981 aut
1505 1960 1570 1980 non
1610 1951 1784 1981 citauimus

278 2005 336 2030 aut
367 2010 539 2040 perperam
571 2000 754 2037 citauimus,
782 2011 893 2031 ueram
928 2002 1100 2033 lectionem
1134 2003 1217 2033 inter
1249 2002 1496 2038 ‘Emendanda
1525 2002 1726 2042 corrigenda,
1751 2008 1782 2033 et

278 2049 451 2082 addenda’
476 2052 679 2082 inseruimus.

322 2120 384 2159 §4
408 2119 458 2150 De
478 2120 581 2150 codice
605 2121 708 2150 ueteri
728 2120 955 2160 Rcltdzgcrano
980 2121 1029 2163 (l).
1081 2122 1165 2152 Cum
1192 2123 1399 2162 euangelium
1421 2123 1563 2153 Matthei
1590 2123 1780 2160 edebamus,

278 2170 471 2211 exemplum
495 2172 591 2202 huius
615 2172 735 2202 codicis
760 2171 877 2212 (edidit
898 2174 985 2203 enim
1012 2174 1054 2203 H.
1074 2174 1109 2204 F.
1128 2174 1248 2210 Haase,
1275 2174 1496 2205 Uratislauiae
1520 2174 1658 2215 1865-6)
1683 2185 1783 2214 penes

279 2233 339 2253 nos
375 2233 439 2253 non
472 2223 538 2259 fuit,
572 2224 629 2254 sed
666 2224 831 2254 interdum
869 2225 1026 2256 lectiones
1059 2237 1102 2256 ex
1134 2226 1373 2256 Tischendorfii
1407 2226 1625 2257 Testamento
1659 2226 1785 2257 Graeco

278 2274 461 2305 citabamus
483 2273 583 2316 (errat
603 2276 736 2315 quidem
761 2276 1030 2307 Tischendorfius
1048 2278 1151 2308 citans
1173 2279 1187 2308 l
1205 2288 1264 2317 pro
1289 2278 1518 2308 additamento
1540 2280 1664 2318 ‘neque
1681 2276 1785 2308 filius'

279 2326 338 2356 Mt.
364 2327 455 2356 xxiv.
482 2327 531 2367 36,
555 2328 644 2366 quod
670 2328 796 2358 omittit
821 2329 928 2358 codex
954 2334 1039 2360 teste
1066 2329 1180 2359 Haase
1203 2340 1230 2369 p.
1250 2330 1323 2369 69),
1356 2330 1445 2369 quod
1471 2336 1502 2360 et
1528 2330 1558 2360 in
1582 2329 1785 2370 praefatione

279 2389 309 2418 p.
341 2378 438 2408 xxxii
471 2379 721 2409 declarauimus.
785 2379 884 2419 Quod
918 2391 991 2410 cum
1028 2381 1239 2420 cognouisset
1274 2382 1322 2411 uir
1354 2382 1561 2412 doctissimus
1593 2387 1624 2412 et
1657 2392 1785 2421 semper

277 2429 447 2460 deflendus
464 2430 482 2468 †
501 2431 537 2460 F.
553 2431 582 2469 J.
601 2431 644 2461 A.
665 2431 764 2469 Hort,
781 2432 954 2472 exemplar
978 2432 1051 2462 libri
1077 2433 1171 2463 nobis
1195 2433 1265 2472 ipse
1287 2434 1551 2464 commodissime
1573 2434 1660 2464 dono
1684 2434 1783 2464 dedit.

280 2481 318 2511 In
343 2481 457 2512 Marco
491 2482 599 2521 igitur,
628 2483 730 2520 Luca,
757 2489 790 2514 et
824 2484 978 2521 Iohanne,
1007 2485 1152 2515 codicem
1186 2485 1200 2514 l
1229 2485 1260 2515 in
1292 2486 1374 2515 serie
1409 2491 1555 2515 ueterum
1589 2485 1783 2515 Latinorum

277 2543 409 2573 semper
447 2534 548 2564 citare
589 2535 776 2574 potuimus3
822 2536 954 2566 lacunas
994 2537 1023 2565 in
1066 2537 1218 2567 Mattheo
1258 2548 1341 2568 nunc
1382 2537 1592 2577 impleuimus
1631 2543 1664 2568 et
1702 2538 1785 2567 inter

278 2585 526 2623 ‘Emendanda,
551 2587 752 2626 corrigenda,
778 2592 810 2617 ct
836 2586 1005 2618 addenda'
1032 2589 1210 2627 posuimus.
