2209 3147
376 247 438 286 506

539 331 640 354 AHVY
650 331 725 354 Harl.
741 337 810 362 2797.

417 377 530 405 sestatio
548 377 707 405 declaratur
722 386 780 414 qua
792 377 881 404 maria
893 386 974 414 mag-

416 424 518 452 dalene
547 430 629 461 petro
659 429 686 451 et
716 424 833 451 iohanni
863 424 975 451 nuntiat

416 471 563 499 sublatum
590 480 694 508 corpus
719 470 754 498 de
784 476 976 499 monumento

415 519 519 556 quibus
548 517 766 546 occurrentibus
796 527 829 546 ac
855 518 975 546 reuersis

416 565 478 602 ipsa
499 570 566 602 post
588 564 749 601 angelicam
772 565 914 593 uisionem
934 565 975 592 ui-

416 621 480 639 sum
496 621 512 640 a
528 621 558 640 se
575 612 727 639 dominum
739 612 897 640 aestimans
912 612 975 640 hor-

416 659 545 687 tulanum
561 668 619 696 quo
638 668 707 687 mox
726 659 844 695 cognito
865 659 976 687 iubetur

416 706 563 743 discipulis
579 706 718 734 nuntiare.

375 753 486 781 XLIII.
517 753 592 781 Cum
627 752 703 781 fores
735 759 830 781 essent
862 753 976 781 clausae

415 801 534 829 ueniens
551 800 587 828 ad
603 800 761 837 discipulos
776 809 878 837 pacem
892 800 975 828 infert

415 847 550 875 manibus
570 847 714 884 latereque
734 852 896 876 monstrato
915 847 976 884 qui-

415 895 468 922 bus
484 894 668 923 insufflatione
689 894 830 931 significat
845 895 975 931 spiritum

415 947 546 970 sanctum
558 942 626 969 item
636 947 702 978 post
713 942 774 969 dies
783 947 851 970 octo
861 942 976 969 thomas

414 989 593 1026 inspectione
622 988 668 1016 uel
702 993 778 1016 tactu
812 988 907 1016 lateris
943 998 975 1015 ac

415 1045 555 1064 manuum
567 1035 753 1064 confirmatur
769 1035 888 1063 audiens
900 1035 975 1063 beati

415 1083 465 1119 qui
481 1092 540 1111 non
556 1082 691 1110 uiderunt
707 1087 734 1110 et
750 1082 940 1110 crediderunt.

374 1129 501 1158 XLIIII.
518 1129 687 1158 Manifestat
699 1139 728 1158 se
739 1129 840 1157 iterum
850 1129 886 1157 ad
896 1138 975 1157 mare

415 1177 561 1205 tiberiadis
577 1181 687 1214 septem
702 1177 849 1214 discipulis
865 1177 892 1204 in
909 1186 974 1213 cap-

415 1229 478 1252 tura
493 1224 616 1261 piscium
633 1229 749 1252 centum
766 1223 974 1260 quinquaginta

415 1271 501 1299 trium
517 1280 583 1299 cum
600 1271 800 1299 resurrexisset
815 1279 831 1298 a
847 1271 974 1298 mortuis.

374 1317 468 1346 XLV.
490 1317 592 1355 Usque
608 1318 690 1346 tertio
707 1317 775 1346 dicit
796 1322 877 1354 petro
895 1326 975 1345 amas

416 1375 463 1393 me
478 1365 546 1403 quia
560 1370 602 1393 ter
614 1374 681 1393 eum
693 1370 850 1401 negauerat
865 1370 891 1392 et
909 1374 973 1401 pas-

415 1413 522 1441 cendas
538 1421 609 1440 oues
625 1421 717 1449 aeque
729 1412 812 1440 tertio
825 1421 974 1439 commen-

415 1459 488 1487 dans
501 1459 670 1487 extensione
682 1468 820 1486 manuum
834 1459 974 1495 significat

416 1507 441 1535 ei
453 1506 533 1544 quod
544 1506 637 1534 crucis
649 1510 741 1533 morte
755 1505 826 1533 foret
839 1506 974 1542 martyrio

414 1553 607 1581 coronandus.

1033 331 1089 356 Uat.
1097 332 1168 354 Alex.
1180 338 1207 361 14
1215 332 1223 361 (
1231 342 1250 350 ε
1262 331 1346 354 Thom.
1354 331 1405 362 Lp.
1412 331 1479 361 344).

1030 377 1173 405 Allocutio
1194 377 1275 405 Pilati
1297 377 1333 405 ad
1355 377 1479 406 Iudaeos

1069 425 1104 452 de
1121 424 1195 452 Iesu.

1029 471 1064 498 Et
1080 471 1160 508 quod
1178 470 1277 498 Iudaei
1297 480 1327 499 se
1349 480 1407 499 non
1428 471 1478 498 ha-

1069 519 1135 546 bere
1148 527 1246 555 regem
1259 518 1311 545 nisi
1323 518 1478 546 Caesarem

1069 565 1245 602 profitentur.

1028 612 1110 640 XIV.
1133 612 1232 640 Passio
1248 611 1315 639 Iesu
1336 617 1363 639 et
1383 612 1478 649 sepul—

1070 664 1131 686 tura
1147 659 1207 687 eius
1223 663 1250 686 et
1267 659 1446 687 resurrectio.

1029 706 1111 734 Iesus
1128 710 1280 743 postquam
1296 706 1450 734 resurrexit
1462 715 1478 734 a

1070 753 1190 781 mortuis
1199 753 1248 780 ubi
1258 753 1389 790 apparuit
1399 753 1478 790 prius

1070 806 1097 828 et
1118 800 1273 837 discipulos
1296 809 1364 828 suos
1384 800 1478 828 uisitat

1070 852 1097 875 et
1117 856 1176 875 non
1197 847 1326 875 credenti
1342 847 1477 875 Thomae

1069 903 1172 921 manus
1188 894 1320 922 ostendit.

1028 1130 1160 1167 Itemque
1190 1130 1269 1168 quod
1298 1131 1477 1167 piscantibus

1069 1177 1130 1205 aliis
1149 1187 1215 1206 cum
1237 1177 1323 1206 Petro
1345 1178 1476 1215 apparuit

1069 1224 1097 1251 in
1110 1224 1202 1252 littore
1213 1225 1293 1253 Iesus
1305 1234 1430 1262 poscens
1440 1225 1476 1253 ab

1068 1272 1107 1299 eis
1118 1271 1354 1308 pulmentarium;
1372 1273 1477 1310 quibus

1068 1319 1240 1355 negantibus
1246 1319 1314 1347 dicit
1324 1325 1354 1348 ut
1364 1320 1477 1347 mittant

1069 1366 1138 1394 retia
1159 1366 1188 1393 in
1209 1366 1308 1395 dextra
1329 1367 1427 1400 nauis;
1450 1371 1477 1394 et

1070 1420 1228 1450 coeperunt
1258 1414 1352 1442 statim
1383 1415 1476 1451 pisces

1068 1469 1193 1497 magnos
1208 1470 1332 1489 numero
1347 1471 1424 1490 CL111.

1027 1507 1064 1535 Et
1080 1508 1159 1545 quod
1175 1513 1241 1545 post
1256 1508 1409 1545 prandium
1425 1507 1476 1535 Pe-

1068 1560 1112 1583 tro
1127 1555 1288 1592 pascendas
1307 1564 1378 1583 oues
1396 1555 1477 1584 tertio

1068 1603 1199 1639 iniungit.

571 247 798 276 CAPITULA
829 247 886 275 IN
906 246 1226 277 EUANGELJUM
1244 245 1508 275 SECUNDUM
1526 246 1794 276 IOHANNEM.

1658 330 1762 362 DH'GQ
1774 339 1830 355 aur.
1844 340 1861 355 s.

1574 376 1714 413 discipulo
1733 386 1820 413 quem
1844 377 1985 415 dilegebat

1574 432 1641 451 ecce
1658 429 1749 452 mater
1763 429 1819 452 tua.

1532 469 1658 498 XXXV.
1672 470 1740 498 Post
1748 472 1985 500 resurrectionem

1572 518 1682 554 aparuit
1689 517 1731 545 ihs
1739 517 1885 554 discipulis
1891 524 1918 546 et
1926 528 1985 547 non

1572 564 1706 592 credebat
1716 564 1830 592 thomas
1840 570 1867 593 et
1878 565 1985 594 Iterum

1572 620 1715 648 apparens
1731 611 1897 648 increpabat
1912 613 1946 641 ei.

1530 1131 1672 1159 XXXVI.
1694 1131 1731 1160 Et
1747 1141 1813 1160 cum
1827 1142 1877 1161 ·111-
1891 1133 1983 1160 mani-

1570 1177 1685 1206 festaret
1715 1188 1746 1207 se
1769 1179 1812 1207 ihs
1837 1179 1983 1217 discipulis

1570 1225 1628 1253 suis
1644 1230 1670 1252 et
1684 1225 1721 1253 ait
1737 1231 1818 1262 petro
1831 1231 1873 1254 ter
1885 1227 1983 1255 dicens

1570 1281 1657 1309 pasce
1673 1281 1745 1301 oues
1761 1282 1842 1301 meas
1852 1274 1934 1302 tertio
1944 1273 1983 1302 ait

1570 1325 1596 1347 et
1613 1329 1731 1356 sequere
1748 1329 1803 1348 me.

407 1701 489 1724 XLII.
508 1708 578 1728 qua:
598 1708 671 1731 quam
688 1700 723 1726 H.
737 1700 794 1731 quia
808 1700 836 1722 Y.
872 1700 974 1730 magda-

374 1733 444 1757 lenae
465 1733 548 1757 leom.
584 1733 682 1756 sublato
700 1733 733 1756 H.
770 1732 920 1756 currentibus
939 1733 974 1756 H.

374 1768 519 1790 dominum
532 1774 561 1789 ex
573 1765 646 1789 deum
659 1765 737 1789 Harl.
769 1765 884 1788 estimans
897 1766 973 1789 Harl.

374 1799 532 1822 hortolanum
556 1799 634 1822 Harl.
661 1798 753 1827 Tllam.y
778 1798 917 1821 ortolanum
940 1798 973 1821 H.

374 1832 485 1863 cognitio
497 1832 573 1854 Harl.

407 1865 503 1888 XLIIl.
530 1864 612 1887 clause
642 1864 718 1887 Harl.
765 1863 925 1887 insufflatione
952 1864 973 1886 Y

379 1897 463 1920 Thom.
494 1900 542 1927 pro
555 1898 648 1920 insufl.
662 1897 801 1924 signifieat
819 1897 888 1919 hala-t
906 1896 973 1919 infla-

374 1930 448 1953 tionis
460 1930 532 1960 signo
545 1929 587 1953 dat
601 1930 634 1952 H.

406 1963 484 1986 XLV.
503 1970 594 1993 aequae
608 1962 633 1985 H
651 1962 735 1985 Tlmm.
759 1963 924 1985 extensionem
939 1962 972 1986 H.

374 1997 523 2022 martyrio:
542 1995 658 2025 mysterio
672 1995 705 2018 H.

407 2028 504 2051 Subscr.
535 2028 668 2059 expliciunt
700 2027 811 2058 capitula
841 2027 866 2050 H
896 2028 972 2051 Harl.

380 2061 473 2089 le0m.‚
497 2060 599 2091 explicit
622 2060 753 2084 secundum
780 2060 910 2084 iohannem
935 2061 973 2089 V3

374 2093 444 2117 nihil
453 2093 524 2117 habet
535 2094 566 2117 A.

1059 1703 1155 1726 Subscr.
1174 1703 1260 1726 finiunt
1279 1703 1386 1733 capitula
1401 1703 1425 1725 in
1442 1703 1476 1725 io-

1026 1736 1139 1759 hannem.

1562 1701 1702 1725 XXXIIII.
1726 1710 1772 1725 om.
1801 1709 1864 1726 eece
1893 1705 1982 1726 mater

1529 1738 1578 1758 tua
1590 1743 1608 1757 c.

1562 1767 1668 1790 XXXV.
1689 1768 1724 1790 ita
1737 1767 1807 1790 habet
1819 1775 1830 1790 c
1842 1771 1865 1791 et
1882 1768 1923 1791 ubi
1937 1768 1980 1792 du·

1528 1800 1622 1824 bitabat
1632 1800 1729 1823 thomas
1738 1804 1761 1823 et
1772 1800 1858 1823 iterum
1869 1801 1982 1831 apparuit

1528 1837 1551 1857 et
1569 1833 1710 1864 increpabat
1729 1841 1792 1856 eum.
1827 1841 1979 1861 apparens:

1528 1866 1641 1897 apparuit
1654 1869 1676 1888 et
1689 1866 1741 1889 rell.
1777 1867 1803 1889 ei
1814 1874 1818 1889 z
1837 1874 1893 1889 eum
1907 1867 1960 1890 rell.

1561 1898 1682 1922 XXXVI.
1704 1906 1750 1922 om.
1769 1900 1828 1922 suis
1847 1899 1869 1929 Q
1887 1907 1944 1922 aur.
1962 1907 1980 1923 c.

1531 1935 1556 1958 >
1569 1931 1652 1954 dicens
1671 1935 1707 1954 ter
1727 1931 1794 1961 H'Q3
1819 1939 1864 1954 om.
1884 1933 1981 1956 dicens

1529 1972 1584 1987 aur.
1598 1972 1615 1987 c.
1651 1972 1696 1987 om.
1710 1966 1793 1987 tertio
1807 1966 1847 1987 ait
1860 1964 1911 1987 rell.

1561 1997 1659 2020 Subser.
1674 1996 1817 2026 Finit(-iunt
1826 1996 1885 2027 cor.)
1896 1997 1981 2021 breues

1528 2037 1615 2053 causae
1628 2029 1760 2052 secundum
1770 2029 1812 2053 ioli
1824 2029 1862 2058 D;
1880 2029 1981 2060 explicit

1527 2062 1608 2086 breuis
1621 2062 1756 2093 disputatio
1772 2064 1852 2093 enan}
1867 2062 1981 2086 iohannis

1528 2095 1570 2124 {Q
1596 2094 1697 2125 explicit
1718 2095 1828 2125 capitula
1848 2095 1979 2118 secundum

1528 2128 1659 2151 iohannem
1684 2127 1722 2155 G;
1747 2127 1817 2150 nihil
1840 2128 1929 2151 hahent
1952 2131 1981 2151 ut

1528 2160 1631 2184 uzilelur
1643 2160 1665 2190 Q
1678 2168 1735 2183 aur.
1747 2168 1766 2184 c.
