2209 3147
739 458 835 496 CAp.
870 458 943 496 III.
1002 456 1293 496 CAPITULA
1332 456 1507 495 NOUA.

416 559 450 589 In
490 564 586 590 sexta
624 560 778 591 columna
815 562 1032 602 capitulorum
1072 561 1102 591 in
1142 560 1329 591 Mattheum
1366 559 1410 599 (p.
1447 569 1484 599 19
1516 560 1629 601 seqq.)‚
1660 559 1803 600 capitula
1835 569 1877 590 ex

371 610 494 641 Codice
530 610 685 643 Carolino
720 611 782 653 (K)
820 613 1094 652 transcripsimus,
1124 613 1179 652 qui
1217 612 1350 642 mutilus
1384 616 1433 642 est
1468 622 1487 642 a
1523 622 1592 651 cap.
1625 611 1659 642 xl
1698 622 1800 651 usque
1835 611 1877 642 ad

368 673 439 703 cap.
473 663 518 693 lx.
581 663 731 694 Lacunas
766 675 809 695 ex
844 665 915 695 aliis
952 665 1118 695 codicibus
1155 663 1290 704 implere
1325 673 1408 694 nunc
1444 673 1618 704 possumus
1650 664 1706 703 qui
1738 664 1877 694 eandem

369 714 587 754 capitulorum
632 714 791 746 familiam
837 717 1038 754 ostendunt;
1084 716 1277 756 pracsertim
1319 726 1361 745 ex
1405 716 1517 746 codice
1561 715 1760 746 Berolinensi
1806 715 1877 745 Lat.

369 766 485 797 Theol.
513 766 628 807 Quart.
654 777 714 808 139
742 769 851 798 Octaui
880 768 1011 805 saeculi,
1039 769 1130 798 cuius
1157 767 1302 807 capitula
1331 768 1496 808 impressit
1525 767 1564 797 E.
1589 778 1652 797 von
1683 767 1877 798 Dobschutz

369 818 524 858 (Slndz'elz
548 829 575 849 ε’.
607 819 736 850 Textkr.
761 820 790 850 d.
822 820 915 860 Ualg.
945 832 974 861 p.
1000 828 1042 859 52
1066 819 1182 859 seqq),
1213 820 1334 850 deinde
1366 830 1409 849 ex
1441 820 1554 849 codice
1587 819 1759 850 Basiliensi
1794 819 1877 849 Bibl.

370 870 477 901 Acad.
504 870 540 900 B.
567 871 596 901 ii.
625 880 672 908 11,
696 873 816 903 saeculi
845 872 931 910 noni,
956 873 1046 902 cuius
1072 871 1282 903 collationem
1312 872 1343 901 in
1369 871 1486 902 eodem
1511 871 1594 901 libro
1618 872 1711 902 dedit
1734 882 1798 901 von
1824 872 1878 907 D„

369 933 412 953 ex
445 923 557 953 codice
592 923 775 954 Bibliorum
809 924 1046 965 Bambergensi
1074 923 1131 963 (A.
1165 933 1191 954 Ι.
1220 923 1253 963 5)
1278 923 1399 954 saeculi
1432 924 1517 960 noni,
1547 923 1637 953 cuius
1666 923 1877 954 collationem

369 984 433 1015 ope
461 974 701 1006 bibliothecarii
733 976 961 1006 humanissimi
994 976 1044 1006 Fr.
1078 975 1258 1006 Leitschuh
1291 975 1396 1006 facere
1429 975 1608 1016 potuimus,
1637 980 1669 1005 ct
1697 986 1739 1005 ex
1765 975 1878 1005 codice

371 1027 518 1057 Parisino
546 1026 598 1067 (B.
626 1027 668 1057 N.
698 1027 772 1058 Lat.
806 1027 882 1069 277)
909 1027 1030 1058 saeculi
1059 1027 1245 1058 duodecimi
1278 1026 1367 1068 (uide
1399 1026 1552 1067 Gregory
1577 1027 1608 1056 in
1636 1026 1877 1057 Tischendorfli

375 1078 576 1108 Testamenta
614 1078 735 1110 Graeco
770 1080 819 1110 ed.
852 1080 915 1116 viii,
949 1080 1011 1110 uol.
1045 1080 1087 1117 iii,
1120 1090 1150 1119 p.
1187 1078 1293 1120 1054),
1325 1089 1423 1118 quern
1461 1078 1561 1109 nostri
1597 1079 1705 1119 gratia
1741 1078 1879 1109 contulit

371 1131 515 1170 optimus
537 1131 716 1161 amicorum
742 1131 774 1162 S.
794 1131 922 1172 Berger.
972 1131 1202 1171 Impressimus
1222 1141 1300 1170 ergo
1320 1130 1463 1171 capitula
1481 1141 1522 1160 ex
1540 1131 1654 1161 codice
1674 1129 1879 1160 Berolinensi

372 1183 545 1222 uariasque
580 1183 718 1213 aliorum
756 1183 907 1214 codicum
945 1183 1101 1214 lectiones
1137 1183 1168 1213 in
1205 1182 1327 1213 notulis
1365 1182 1586 1213 adhibuimus.
1653 1182 1689 1212 In
1730 1182 1880 1221 capitulis

372 1234 475 1264 Marci
508 1234 617 1265 Lucae
649 1239 681 1265 et
714 1235 870 1265 Iohannis
907 1236 1071 1266 uariantes
1103 1234 1260 1266 lectiones
1292 1234 1503 1274 euangeliarii
1536 1235 1725 1265 Nancaeani
1758 1234 1879 1264 saeculi

371 1286 457 1323 noni,
476 1296 558 1325 quas
582 1287 613 1316 in
638 1286 763 1317 notulis
787 1286 831 1327 (p.
859 1293 918 1325 175
942 1287 1048 1327 seqq.)
1072 1287 1297 1327 adposuimus,
1324 1287 1466 1326 benigne
1489 1286 1583 1317 nobis
1608 1287 1880 1316 commodauerat

371 1338 420 1368 uir
445 1339 642 1368 reuerendus
667 1338 706 1368 Ε.
733 1339 923 1379 Mangenot.

418 1389 493 1419 Alia
520 1400 641 1430 genera
669 1390 896 1430 capitulorum,
921 1401 1005 1430 quae
1033 1401 1131 1430 supra
1156 1388 1199 1431 (p.
1224 1390 1278 1431 38)
1309 1391 1529 1430 promisimus,
1558 1400 1643 1421 nunc
1670 1390 1761 1430 typis
1791 1400 1881 1420 man-

372 1442 499 1472 damus.
561 1442 597 1471 In
628 1442 779 1472 Mattheo
807 1442 978 1472 columnas
1003 1443 1147 1482 quinque
1173 1443 1418 1482 impressimus;
1452 1453 1494 1472 ex
1520 1442 1632 1472 codice
1658 1442 1781 1472 scilicet
1809 1443 1879 1472 Par.

373 1493 447 1523 Lat.
480 1493 514 1522 6⁴
546 1493 665 1524 saeculi
697 1494 817 1523 decimi
850 1494 939 1524 cuius
971 1499 1002 1524 et
1034 1499 1166 1524 textum
1203 1495 1235 1524 in
1266 1494 1410 1524 Actibus
1442 1494 1684 1534 Apostolorum
1721 1500 1880 1534 perpetuo

371 1544 533 1581 citamus3
565 1556 607 1575 ex
632 1545 744 1576 codice
772 1545 953 1576 Harleiano
979 1554 1062 1585 2790
1087 1546 1177 1576 cuius
1203 1545 1423 1585 capitulorum
1449 1546 1480 1575 in
1505 1546 1577 1576 aliis
1602 1546 1782 1585 euangeliis
1806 1556 1881 1576 curn

373 1596 407 1626 K
432 1597 701 1628 concordantium
727 1597 935 1628 collationem
963 1599 1027 1628 iam
1053 1599 1226 1634 dedimusj.
1254 1608 1297 1628 ex
1321 1598 1434 1629 codice
1460 1598 1531 1628 Par.
1556 1598 1631 1628 Lat.
1660 1597 1762 1638 10438
1789 1599 1882 1628 cuius

374 1649 595 1688 capitulorum
615 1650 646 1679 in
666 1650 737 1680 aliis
760 1650 940 1689 euangeliis
960 1660 1034 1679 cum
1049 1650 1065 1689 J
1082 1649 1192 1691 (bren.)
1211 1650 1277 1681 ΟΧ
1301 1655 1361 1680 etc.
1379 1650 1652 1681 concordantium
1670 1649 1880 1680 collationem

373 1701 438 1731 iam
456 1701 629 1739 dedimus;
653 1706 687 1732 et
703 1712 746 1732 ex
765 1702 795 1732 S.
817 1701 945 1738 Hilarii,
962 1707 994 1732 et
1011 1712 1054 1731 ex
1073 1701 1202 1732 Rabani
1228 1702 1333 1732 Mauri
1356 1702 1387 1732 in
1413 1702 1602 1732 Mattheum
1623 1702 1881 1732 commentariis.

376 1753 413 1782 In
437 1752 551 1783 Marco
573 1753 656 1783 duas
681 1753 862 1790 columnas,
883 1764 925 1783 ex
948 1753 1116 1783 codicibus
1139 1764 1184 1784 sc.
1206 1754 1277 1784 Par.
1296 1754 1369 1784 Lat.
1388 1752 1422 1783 64
1445 1760 1477 1784 et
1501 1761 1560 1792 277
1582 1753 1652 1794 [qui
1675 1754 1705 1783 in
1728 1753 1882 1784 Mattheo

374 1815 448 1834 cum
478 1805 510 1834 K
539 1804 752 1846 concordat);
790 1805 821 1835 in
854 1805 945 1835 Luca
973 1806 1064 1843 duas,
1092 1816 1134 1835 ex
1163 1806 1278 1836 iisdem
1307 1806 1484 1837 codicibus.
1513 1816 1652 1845 quorum
1683 1806 1790 1836 codex
1820 1813 1880 1844 277

374 1855 440 1886 fere
467 1867 541 1887 cum
571 1856 596 1887 C
623 1857 775 1896 congruit
802 1857 860 1887 sed
891 1858 1023 1887 breuior
1048 1863 1118 1894 est3
1150 1858 1182 1887 in
1210 1858 1357 1888 Iohanne
1386 1868 1493 1892 unam,
1520 1868 1562 1888 ex
1594 1858 1708 1888 codice
1739 1868 1781 1888 sc.
1812 1857 1882 1888 Par.

375 1907 449 1938 Lat.
474 1907 519 1945 6⁴,
547 1919 622 1938 nam
647 1910 756 1939 codex
782 1916 842 1947 277
868 1919 941 1939 cum
970 1908 995 1939 C
1021 1910 1207 1939 concordat.
1263 1909 1416 1949 Capitula
1444 1921 1486 1940 ex
1513 1910 1682 1940 codicibus
1711 1910 1781 1939 Par.
1808 1909 1882 1940 Lat.

377 1959 410 1989 04
434 1965 466 1990 et
492 1967 551 1998 277
578 1960 720 2000 benigne
745 1960 946 2000 transcripsit
972 1961 1072 1991 nostri
1097 1962 1202 2001 gratia
1228 1961 1363 1992 Samuel
1388 1962 1517 2001 Berger.

422 2066 575 2106 Capitula
600 2067 631 2096 in
658 2066 847 2097 Mattheum
872 2078 913 2097 ex
937 2068 1060 2098 Codice
1086 2068 1298 2106 Bcrolinensi,
1320 2069 1501 2099 subiunctis
1526 2069 1622 2099 uariis
1645 2068 1841 2099 lectionibus

577 2118 738 2149 Codicum
764 2119 1030 2159 BambergensiS,
1054 2120 1251 2158 Basiliensis,
1274 2127 1306 2151 et
1332 2121 1467 2151 Parisini
1492 2119 1580 2162 (Lat.
1600 2119 1684 2161 277).

376 2204 556 2232 XXXVIIII
585 2203 668 2244 [XL]
692 2205 725 2232 In
745 2206 866 2241 patriam
883 2214 965 2233 suam
982 2206 1065 2233 docet
1087 2206 1129 2233 ihs
1145 2212 1172 2234 et
1188 2206 1287 2235 fratres
1303 2213 1329 2235 ct
1346 2216 1461 2236 sorores
1477 2208 1662 2236 nominantur

377 2251 431 2279 XL
455 2250 553 2291 [XLI]
578 2252 622 2280 De
638 2253 733 2289 capite
749 2252 884 2280 iohannis
899 2253 928 2279 in
944 2253 1024 2281 disco
1041 2275 1046 2280 .
1063 2258 1090 2281 et
1106 2253 1132 2279 V
1155 2270 1159 2274 ·
1178 2255 1303 2290 panibus
1319 2259 1346 2282 et
1362 2254 1477 2282 duobus
1493 2254 1620 2291 piscibus
1806 2280 1809 2282 .

376 2299 445 2327 XLI
463 2297 578 2338 [XLII]
602 2299 658 2327 Vbi
680 2299 723 2327 ihs
739 2309 826 2336 super
847 2309 925 2327 mare
948 2300 1075 2327 ambulat
1090 2305 1118 2328 et
1137 2307 1249 2337 petrum
1270 2308 1448 2339 mergentem
1468 2302 1572 2330 alleuat
1592 2307 1619 2330 et
1639 2301 1668 2328 in
1689 2307 1762 2329 terra
1776 2301 1884 2337 gerasi-

460 2356 564 2375 norum
580 2347 782 2384 contingentes
797 2347 940 2374 fimbriam
957 2347 1004 2374 ihu
1021 2347 1100 2374 multi
1117 2348 1206 2375 curati
1223 2354 1296 2376 sunt.

411 2499 462 2525 sap.
476 2496 630 2518 XXXVIIII
648 2501 802 2519 nuntcralur
817 2496 864 2519 XL
881 2497 909 2519 m
922 2496 1010 2519 h’umb.
1024 2497 1083 2519 lias.
1132 2501 1134 2531 [
1214 2498 1266 2522 XL.
1285 2506 1392 2530 qumque
1405 2499 1492 2522 h'aml).
1505 2500 1565 2522 Bas.
1578 2499 1638 2522 l'111.

378 2537 401 2557 cl
425 2535 483 2557 Par.
508 2538 530 2557 et
554 2535 589 2557 ila
613 2536 667 2558 sine
685 2535 758 2558 dnbio
777 2535 837 2566 fui!
860 2535 888 2558 in
911 2535 943 2560 K.
958 2538 981 2557 ct
1000 2535 1033 2558 sic
1053 2535 1088 2558 ad
1133 2543 1134 2569 J
1215 2537 1280 2560 XLI.
1299 2545 1344 2560 om.
1360 2539 1463 2561 alleuat
1477 2538 1564 2561 Hamh.
1598 2542 1685 2560 terram
1699 2537 1758 2559 l'ar.
1791 2543 1886 2566 gmase-

383 2572 453 2595 θαι-ιιι
471 2573 646 2603 mpilzclorum.
683 2575 739 2597 Post
758 2576 792 2598 de
810 2581 912 2601 sagena
933 2573 961 2596 in
980 2574 1002 2596 Κ
1024 2577 1085 2604 (sap.
1133 2578 1134 2606 [
1182 2582 1267 2597 norum
1282 2575 1368 2597 h'amln.
1385 2575 1517 2598 Bas.l'‹1r.
1554 2575 1690 2598 frnnbriam
1704 2573 1791 2597 bamb.

382 2612 548 2642 xxxx'llll)
563 2613 659 2636 addunt
671 2614 746 2637 missa
759 2614 782 2637 in
798 2621 864 2637 mare
877 2614 934 2636 Ber.
950 2613 1007 2636 Has.
1132 2619 1135 2641 ψ
