2209 3147
373 261 432 291 702

655 347 718 370 Par.
731 346 788 369 Lat.
800 346 834 370 6⁶.
1149 346 1154 374 ξ

371 394 479 423 LXVI.
503 395 626 423 Reddite
640 404 715 432 quae
730 401 798 423 sunt
812 395 936 423 caesaris
951 395 1061 423 caesari
1077 417 1082 422 .
1097 400 1125 422 et

411 452 485 479 quae
501 449 568 470 sunt
582 442 628 470 dei
644 442 709 470 deo.

370 490 494 519 LXVII.
516 490 562 518 De
582 496 694 526 septem
710 489 845 517 fratribus
859 489 909 526 qui
929 498 1019 517 unam
1037 489 1125 517 abue-
1150 498 1153 527 Ι

411 544 479 565 runt
492 546 616 565 uxorem
632 560 638 566 .
653 541 682 565 et
699 536 849 574 quomodo
871 537 973 565 dicunt
991 539 1063 573 xpm
1081 535 1124 564 dd
1150 557 1152 656 ,

357 592 366 599 ·
410 585 500 612 filium
515 593 597 612 aesse
613 606 619 611 .
634 590 663 612 et
677 584 714 612 de
728 583 828 620 primis
843 583 966 611 catedris
981 590 1009 611 et
1029 583 1124 611 discu-

410 632 478 660 bitis
492 636 521 659 et
535 631 672 660 oracione
686 630 783 667 longa.

370 676 505 706 LXV111.
526 677 573 706 De
598 677 686 706 uidua
709 686 785 714 quae
810 676 869 705 duo
892 686 958 705 aera
986 676 1066 704 misit
1094 676 1124 703 in

411 724 653 763 gazophilacium.

369 771 517 801 LXVH11.
546 772 591 800 De
618 772 762 809 lapidibus
789 771 889 808 templi
915 793 921 799 .
947 775 975 799 et
1003 770 1041 799 de
1066 770 1124 798 fine

410 820 512 848 mundi
527 842 534 849 .
548 826 577 848 et
591 819 628 847 de
648 828 702 848 suo
717 819 845 847 aduentu
864 817 1003 846 secundo.

369 867 463 895 LXX.
486 867 534 895 De
554 866 663 895 indicio
684 866 824 894 ficulnaee
846 888 852 893 .
874 865 942 902 quia
967 873 1059 901 prope
1082 871 1125 892 est

410 923 533 952 regnum
547 914 593 942 dei
609 936 616 942 .
630 920 659 941 et
674 913 763 941 uerba
777 921 844 939 mea
863 921 925 940 non
945 912 1106 939 transibunt
1119 933 1125 938 .

410 968 439 990 et
454 971 491 990 ne
505 967 660 998 grauentur
674 960 764 989 corda
780 967 877 987 uestra
894 959 925 986 in
939 958 1058 996 crapula
1075 980 1081 986 .
1096 963 1125 986 et

410 1009 526 1046 uigilare
541 1015 658 1036 orantes
673 1029 679 1035 .
694 1014 725 1035 ut
741 1007 820 1044 digni
835 1006 990 1034 abeamini.

370 1056 479 1085 LXXI.
501 1056 622 1084 Intrauit
641 1054 777 1083 sathanas
798 1054 828 1081 in
849 1053 947 1081 iudam
971 1075 977 1081 .
997 1058 1026 1081 et
1046 1052 1124 1090 pacti

411 1110 478 1131 sunt
492 1103 673 1140 peccuniam.

369 1151 494 1179 LXXII.
509 1149 651 1186 Discipuli
671 1149 700 1176 in
716 1147 855 1176 cenaculo
870 1153 973 1184 parant
990 1147 1101 1184 pascha
1117 1169 1124 1175 .

410 1204 438 1226 et
456 1198 492 1225 de
510 1202 690 1225 sacramento
705 1204 795 1223 caene
816 1217 822 1222 .
842 1201 870 1222 et
885 1195 935 1232 qui
955 1194 1017 1222 uult
1039 1203 1122 1222 aesse

410 1246 511 1273 maior.

370 1292 512 1320 LXXIII.
533 1291 600 1328 Ego
616 1291 689 1318 inter
703 1299 756 1318 uos
771 1289 844 1317 sicut
859 1289 990 1317 minister
1005 1311 1010 1316 .
1026 1294 1054 1316 et
1068 1297 1123 1316 uos

410 1339 606 1376 permansistis
622 1346 739 1365 mecum
760 1358 765 1363 .
785 1335 921 1364 sedebitis
943 1345 1029 1372 super
1050 1335 1124 1362 duo-

411 1387 506 1414 decim
521 1392 622 1413 tronos
639 1406 644 1412 .
660 1391 687 1412 et
707 1393 764 1419 ego
784 1384 884 1420 rogaui
905 1392 959 1420 pro
977 1390 1004 1410 tc
1020 1388 1100 1420 petre
1118 1405 1125 1410 .

411 1440 439 1462 et
454 1440 496 1461 ter
511 1442 558 1460 me
573 1432 694 1468 negabis
711 1453 717 1458 .
731 1438 759 1458 et
775 1429 894 1467 quando
909 1431 973 1458 misi
993 1438 1047 1458 uos
1063 1430 1124 1457 sine

413 1482 540 1510 sacculo.

370 1529 528 1558 LXXIIII.
562 1528 649 1556 Nunc
671 1528 721 1565 qui
742 1528 808 1555 abet
829 1526 977 1555 sacculum
999 1526 1080 1554 tollat
1097 1532 1126 1554 et

412 1585 512 1614 peram
536 1598 542 1603 .
564 1582 592 1604 et
615 1581 692 1603 emat
717 1574 847 1612 gladium
869 1596 875 1601 .
895 1579 923 1602 et
947 1573 1028 1610 quod
1057 1582 1124 1602 cum

411 1624 516 1661 iniquis
531 1623 685 1660 deputatus
699 1627 742 1650 est
758 1644 764 1649 .
779 1628 808 1649 et
822 1630 891 1649 eece
906 1621 964 1649 duo
979 1620 1076 1657 gladii.

371 1671 494 1700 LXXV.
517 1669 591 1699 Orat
606 1670 649 1697 ihs
664 1670 695 1696 in
709 1676 808 1697 monte
823 1668 965 1696 oliuarum
977 1690 983 1695 .
995 1674 1023 1696 et
1038 1677 1126 1705 ange-

412 1719 456 1747 lus
471 1718 616 1747 confortat
630 1726 698 1745 eum
713 1738 719 1743 .
734 1722 762 1744 et
777 1715 866 1743 sudor
880 1716 941 1743 eius
956 1715 1030 1743 sicut
1044 1722 1124 1752 gutte

413 1766 562 1803 sanguinis
586 1787 592 1793 .
614 1771 642 1792 et
659 1770 739 1792 orate
760 1772 797 1791 ne
818 1763 929 1790 intretis
951 1763 981 1790 in
1001 1768 1126 1799 tempta-

414 1813 538 1842 cionem.

373 1859 512 1888 LXXVI.
534 1859 608 1887 Iuda
622 1857 723 1887 osculo
739 1857 825 1885 tradit
847 1862 902 1884 fet
917 1862 1014 1894 petrus
1029 1856 1127 1893 gladio

413 1907 535 1945 percutit
552 1929 558 1934 .
573 1912 602 1934 et
615 1912 658 1933 ter
673 1910 761 1941 negat
776 1926 782 1931 .
798 1909 826 1932 et
840 1903 889 1931 flet
903 1912 1010 1931 amare.

373 1954 528 1983 LXXVII.
552 1953 582 1981 Si
601 1960 632 1980 tu
651 1961 683 1980 es
702 1954 758 1988 xps
777 1951 823 1979 dic
845 1951 931 1979 nobis
947 1973 953 1978 .
969 1956 997 1978 et
1017 1949 1127 1978 ducunt

414 2011 482 2030 eum
503 2001 541 2029 ad
564 2000 685 2038 pilatum
707 2021 714 2027 .
737 2004 764 2026 et
787 1998 825 2026 ad
849 1997 990 2026 herodem
1013 2019 1019 2025 .
1040 2003 1067 2025 et
1089 1998 1126 2025 ad

415 2058 530 2078 crucem
547 2070 554 2076 .
569 2054 597 2076 et
612 2048 667 2075 filie
683 2045 768 2074 hirTm
783 2054 836 2073 uos
851 2045 926 2073 flete.

375 2094 540 2126 LXXVIP.
562 2095 646 2123 Pater
657 2093 768 2122 dimitte
782 2092 836 2120 illis
849 2114 855 2119 .
867 2098 896 2120 et
911 2091 997 2119 hodie
1012 2100 1128 2119 mecum

415 2145 469 2173 eris
489 2145 519 2171 in
540 2142 674 2180 paradiso
697 2163 702 2168 .
725 2147 752 2168 et
774 2138 877 2176 ioseph
899 2139 1001 2176 sepelit
1022 2147 1128 2175 corpus

415 2192 475 2220 ihu.

375 2235 558 2268 LXXVIII&
573 2236 643 2264 Post
657 2234 897 2263 resurrectionem
911 2232 1046 2269 apparuit
1057 2231 1129 2260 duo-

416 2288 471 2314 bus
486 2285 516 2312 in
530 2285 577 2312 uia
590 2306 596 2311 .
608 2289 636 2311 et
651 2289 753 2319 postea
767 2281 820 2308 illis
830 2279 967 2308 undecim
981 2279 1011 2306 in
1027 2278 1110 2306 hirim
1122 2300 1128 2306 .

417 2338 445 2361 et
469 2331 565 2360 educit
587 2339 639 2358 eos
664 2329 694 2356 in
719 2327 854 2357 bethania
879 2348 885 2355 .
911 2332 940 2354 et
965 2335 1064 2354 coram
1087 2326 1129 2354 eis

418 2380 504 2408 fertur
518 2379 549 2406 in
563 2376 684 2406 caelum.

567 2441 677 2473 Explicit
694 2429 844 2472 capitulacio
862 2439 942 2463 luche.

1023 250 1267 281 EPJLOGUS.

1459 344 1521 367 Par.
1534 344 1591 367 Lat.
1605 350 1662 374 277.

1220 393 1320 421 XXII.
1343 392 1518 428 Temptatus
1532 392 1568 420 de
1583 393 1700 420 tributo.

1179 1050 1294 1078 XXIII.
1316 1049 1363 1079 De
1377 1051 1539 1079 azimorum
1553 1050 1600 1079 die
1613 1051 1876 1088 appropinquante.

1179 1857 1309 1886 XXIIII.
1332 1857 1532 1886 Antecedente
1553 1857 1620 1886 iuda
1641 1857 1719 1886 uenit
1739 1857 1820 1886 iudas
1837 1863 1866 1887 et
1885 1867 1934 1887 os-

1220 1906 1286 1934 culo
1303 1906 1422 1934 traditus
1437 1911 1480 1933 est
1495 1907 1562 1941 xpc.

1182 2231 1276 2259 XXV.
1292 2231 1443 2260 Nunciant
1454 2231 1587 2260 mulieres
1597 2230 1768 2268 angelorum
1782 2230 1934 2259 uisionem.

1417 2434 1561 2466 Explicinnt
1578 2433 1697 2465 capitula.

411 2536 518 2560 LXVII.
536 2535 659 2560 cathedris
670 2543 717 2558 cor.

410 2568 539 2594 vanss.
556 2570 682 2592 aduentu
697 2568 734 2591 ita
745 2566 824 2591 codex.
