2209 3147
313 239 373 278 296

475 322 577 346 1³.va
587 322 663 345 Harl.
678 326 747 352 2797-

352 369 491 407 gaudium
520 369 556 397 de
585 368 784 406 paenitentum
821 367 912 395 salute

354 417 488 445 futurum.

315 649 411 678 LXII.
432 649 606 678 Parabolam
622 659 736 687 ponens
752 649 787 678 de
799 648 875 686 frugi
887 654 915 677 et

355 698 504 726 luxurioso
530 697 594 725 filiis
620 697 817 725 reuersionem
846 705 914 733 pro-

356 745 416 782 digi
446 745 482 772 ad
511 750 623 782 patrem
652 744 774 772 salutem
807 744 914 772 indicat

354 793 559 829 paenitentum.

317 889 427 917 LXIII.
451 889 497 918 De
519 890 605 918 uilico
624 889 780 926 iniquitatis
800 898 835 917 ex
857 888 915 916 dis-

357 937 541 965 similitudine
572 937 621 974 qui
650 936 779 964 debitum
805 935 915 963 domini

357 985 399 1012 sui
415 990 479 1012 astu
495 984 652 1013 sollertIOre
668 983 811 1011 minuerat
827 983 915 1010 intro-

358 1032 443 1059 ducit.

316 1078 444 1107 LXIIII.
461 1077 531 1106 Non
541 1087 627 1115 posse
637 1078 692 1106 deo
703 1078 806 1106 seruire
817 1086 916 1114 quem-

357 1135 446 1162 quam
462 1130 489 1153 et
504 1134 659 1154 mamonae
675 1134 778 1153 auaros
790 1125 918 1161 increpat

358 1173 526 1210 pharisaeos
554 1173 706 1210 legemque
743 1172 842 1200 dicens
870 1171 917 1199 uel

358 1220 512 1257 prophetas
547 1229 640 1257 usque
681 1219 718 1247 ad
758 1219 917 1248 iohannem

358 1268 513 1304 baptistam
536 1273 564 1295 et
584 1268 664 1305 quod
685 1267 832 1296 dimittens
852 1266 917 1304 quis

358 1323 481 1342 uxorem
496 1314 675 1342 moechetur.

319 1497 413 1526 LXV.
437 1498 691 1527 Immisericordem
713 1498 831 1526 diuitem
852 1508 918 1535 pur-

360 1551 494 1582 puratum
531 1550 559 1575 et
595 1555 751 1583 pauperem
792 1545 919 1573 lazarum

360 1593 548 1621 introducens
578 1593 703 1622 ostendit
736 1592 831 1630 qualia
863 1593 919 1620 sint

360 1640 472 1676 passuri
497 1645 627 1676 raptores
656 1640 680 1668 si
706 1640 746 1668 sic
773 1645 920 1668 merentur

360 1687 457 1724 puniri
478 1692 603 1715 tenaces.

320 1734 429 1762 LXVI.
451 1733 515 1762 Uae
526 1734 593 1763 dicit
606 1734 811 1763 scandalizanti
821 1735 920 1772 paeni-

361 1781 432 1810 tenti
454 1790 524 1809 uero
546 1781 625 1809 fratri
648 1782 735 1809 etiam
757 1783 921 1819 septuagies

362 1829 467 1866 septies
481 1829 620 1866 praecipit
634 1829 850 1857 remittendum.

322 1963 446 1992 LXVII.
469 1965 578 2001 Augeri
601 1965 653 1993 sibi
676 1971 776 2002 petunt
799 1966 922 2003 apostoli

363 2012 450 2040 fidem
475 2017 503 2040 et
528 2011 648 2040 audiunt
674 2013 710 2040 de
736 2013 922 2042 translatione

363 2059 473 2088 arboris
485 2058 649 2087 facultatem
662 2059 813 2097 positaque
826 2060 922 2088 simili-

363 2106 462 2135 tudine
473 2106 507 2134 de
520 2115 606 2134 seruo
616 2112 715 2135 arante
727 2107 773 2134 uel
785 2114 923 2144 pascente

364 2154 450 2182 docet
463 2158 494 2181 ut
505 2153 619 2181 inutiles
631 2163 660 2182 se
672 2154 760 2182 etiam
772 2154 923 2191 implentes

365 2210 440 2238 quae
456 2206 611 2237 praecepta
626 2205 692 2228 sunt
706 2200 857 2230 fateantur.

356 2286 424 2309 LXI.
442 2286 616 2317 paenitendum
630 2286 665 2315 H,
678 2287 749 2309 -tium
762 2287 838 2309 llzzrl.

358 2319 453 2342 LXIII.
486 2321 649 2347 iniquitatis
669 2326 686 2344 4-
706 2320 852 2350 parabolam
886 2320 920 2344 H.

324 2356 403 2375 astutu
416 2351 509 2375 Har&

358 2385 466 2407 LXIIII.
491 2385 689 2412 posse÷dicens
713 2384 748 2408 H.
782 2385 924 2409 moechatur

323 2417 362 2443 Y:
381 2417 523 2440 moechatus
536 2418 566 2440 sit
578 2417 719 2441 manifestat
733 2417 766 2440 H.

358 2450 436 2473 LXV.
454 2458 499 2473 om.
513 2452 537 2473 si
551 2451 605 2474 AY.
640 2451 725 2481 punire
739 2451 774 2474 H.

358 2482 448 2505 LXVI.
467 2490 512 2506 om.
523 2485 682 2511 septuagies
694 2483 727 2507 H.
758 2484 881 2515 praecepit
890 2484 924 2507 H.

792 235 1018 265 CAPITULA
1047 235 1101 263 IN
1123 233 1443 262 EUANGELJUM

1151 318 1230 348 C(T).

1046 365 1171 403 pastoris
1181 369 1297 402 propter
1306 364 1415 392 hunam

1047 413 1154 440 houem
1188 412 1350 448 nonaginta.
1387 416 1415 439 et

1048 468 1156 487 nouem
1173 459 1366 496 relinquentis.

1006 507 1044 535 Et
1056 506 1206 534 mulierem
1220 515 1294 543 quae
1306 505 1414 533 hunam

1049 553 1191 590 perditam
1264 553 1415 580 inueniens

1048 600 1160 637 gaudet.

1009 647 1058 676 Set
1068 653 1113 675 aet
1123 646 1415 684 homnisquiduobus

1049 694 1113 722 filiis
1140 694 1196 722 suis
1225 693 1416 721 substantiam

1050 741 1143 769 diuisit
1157 751 1192 769 ex
1205 741 1310 778 quibus
1322 741 1417 768 iunior

1049 788 1187 826 prodigae
1203 788 1281 824 hegit
1293 797 1346 825 pro
1358 796 1417 824 quo

1049 836 1154 863 uitulus
1169 835 1337 863 hocciditur.

1008 883 1053 910 De
1076 883 1276 920 dispensatore
1296 881 1419 919 prodigo

1050 930 1099 967 qui
1116 930 1259 967 sapienter
1273 929 1350 957 fecit.
1392 933 1419 956 et

1051 977 1116 1005 ideo
1132 977 1274 1014 exemplis
1289 976 1419 1004 hortatur

1050 1023 1262 1061 hoperandum.

1010 1070 1047 1099 Et
1057 1070 1222 1099 deridentes
1232 1079 1317 1098 aeum
1325 1069 1420 1108 phari-

1052 1127 1136 1146 saeos
1154 1118 1293 1154 increpat.

1011 1165 1123 1202 Legem
1144 1170 1172 1193 et
1195 1164 1353 1202 prophetas
1375 1173 1420 1191 us-

1052 1222 1108 1250 que
1133 1211 1169 1240 ad
1196 1211 1354 1240 iohannem
1379 1211 1421 1239 di-

1052 1269 1129 1287 cens.

1014 1306 1080 1335 Hac
1101 1306 1227 1335 maecari
1250 1315 1335 1334 aeum
1354 1305 1421 1333 hos-

1053 1353 1145 1381 tendit
1175 1353 1224 1390 qui
1262 1362 1344 1381 suam
1380 1352 1422 1380 di-

1053 1400 1174 1428 missam
1186 1400 1305 1428 alteram
1317 1400 1422 1437 accipit

1053 1448 1204 1476 huxorem.

971 1497 1062 1524 XVI.
1079 1496 1245 1523 Parabola
1257 1496 1298 1523 de
1314 1495 1422 1522 diuite

1054 1545 1088 1571 et
1103 1544 1285 1570 heleazaro.

1056 1824 1136 1852 dum.

1058 1919 1135 1946 fratri
1152 1917 1333 1946 remittenda.

1057 2013 1174 2050 synapis
1200 2012 1352 2041 transferat
1380 2022 1423 2040 ar—

1057 2060 1158 2088 borem
1174 2060 1247 2088 mori
1261 2060 1291 2087 in
1307 2069 1394 2088 mare.

1017 2106 1083 2135 Hac
1100 2116 1185 2135 seruo
1200 2116 1319 2144 quoque
1335 2107 1423 2135 serui-

1057 2154 1128 2182 tium
1153 2154 1282 2182 debitum
1305 2155 1424 2182 exiben-

1058 2201 1136 2229 dum.

1009 2288 1065 2310 XV.
1100 2289 1206 2310 hunam
1243 2294 1260 2311 «9-
1296 2288 1424 2319 dragmam

981 2321 1064 2343 leom.
1102 2321 1144 2343 sed
1165 2325 1188 2343 et
1209 2320 1317 2344 hominis
1339 2322 1423 2344 Thom.

975 2355 1090 2376 diuisit:
1109 2353 1204 2376 dimisit
1217 2354 1355 2384 [Kampai.
1382 2362 1425 2377 sua

975 2386 1076 2409 dimissa
1093 2386 1177 2409 Tlmm.
1212 2388 1348 2409 huxorem
1358 2394 1374 2411 ψ
1384 2390 1425 2410 aut

975 2419 1007 2441 ab
1019 2419 1070 2442 alio
1082 2419 1208 2441 dimissam
1221 2419 1289 2442 ducit
1305 2419 1389 2443 Tlmm.

1009 2451 1079 2474 XVI.
1099 2455 1212 2479 accepta
1221 2469 1228 2476 .
1241 2471 1246 2475 .
1261 2471 1266 2475 .
1279 2454 1424 2475 remitten-

977 2485 1031 2507 da:
1062 2488 1162 2514 peccata
1187 2503 1192 2507 .
1216 2502 1221 2507 .
1249 2503 1254 2507 .
1278 2485 1425 2508 dimittenda

983 2517 1006 2539 T
1004 2517 1065 2539 hom.
1087 2525 1135 2540 mm
1156 2521 1238 2540 aulem
1260 2518 1333 2541 Alex.
1355 2524 1384 2541 10
1404 2522 1425 2541 cl

982 2550 1038 2572 (fat.
1062 2557 1134 2580 4221.
1176 2552 1228 2573 hae
1257 2558 1339 2573 seruo
1367 2554 1423 2574 cta:

977 2582 1092 2613 quodque
1115 2582 1241 2606 seruitium
1265 2583 1376 2606 debitum
1396 2583 1425 2606 sit

951 2652 953 2666 1
976 2647 1063 2670 uitium
1076 2648 1240 2672 exhibendum
1257 2649 1313 2671 C'at.
1327 2655 1398 2679 4221.

1014 1730 1052 1758 Et
1067 1739 1121 1758 nee
1137 1730 1292 1758 minimum
1307 1729 1342 1757 de
1363 1739 1423 1758 cre·

1056 1777 1191 1805 dentibus
1224 1776 1423 1805 scandalizari·
1449 1778 1450 1806 ξ

1015 1871 1121 1908 Adque
1154 1871 1275 1899 homnia
1304 1877 1423 1908 accepta
1449 1904 1450 1916 ζ

1015 1965 1054 1994 Et
1063 1966 1143 2003 quod
1153 1965 1225 1993 fides
1237 1965 1288 1994 hut
1301 1974 1423 2003 granum
1449 1967 1450 1970 ’

976 2615 1142 2638 exhibendum
1160 2616 1258 2643 77mm.;
1276 2616 1366 2646 quique
1379 2623 1425 2638 sex·
1451 2615 1452 2629 ¹

1468 317 1530 342 ΒΘ]
1535 317 1689 347 tbrczaeesJOX
1696 317 1756 341 Par.
1764 317 1821 340 Lat.
1830 317 1916 346 10438.

1468 650 1495 674 et
1509 645 1636 673 hominis
1651 645 1700 682 qui
1722 644 1836 673 duobus
1856 645 1920 672 filiis

1509 693 1567 720 suis
1596 692 1787 720 substantiam
1823 691 1920 720 diuisit

1471 886 1507 914 de
1551 885 1749 922 dispensatore
1797 884 1922 922 prodigo

1513 932 1562 970 qui
1578 932 1721 971 sapienter
1736 931 1808 960 fecit.

1475 1499 1556 1528 XVI.
1579 1499 1624 1527 De
1641 1499 1729 1528 diuite
1744 1505 1772 1528 et
1787 1499 1883 1528 lazaro

1476 2114 1504 2137 et
1526 2108 1607 2146 quod
1630 2109 1775 2137 seruitium
1793 2109 1828 2137 sit
1847 2109 1926 2138 exhi-

1518 2156 1647 2184 bendum

1510 2289 1566 2312 XV.
1588 2293 1614 2316 >
1626 2289 1710 2312 diuisit
1723 2290 1883 2314 substantiam
1896 2292 1927 2315 Θ.

1477 2324 1511 2345 de
1525 2324 1596 2350 disp.
1606 2324 1684 2349 prod.
1694 2323 1792 2353 partim
1806 2324 1833 2346 iu
1846 2332 1894 2348 ras.
1905 2328 1928 2348 el

1476 2356 1544 2378 inter
1555 2356 1602 2378 lin.
1615 2355 1647 2378 X.

1510 2388 1579 2411 XVI.
1599 2389 1772 2412 seruitium÷
1781 2388 1891 2412 debitum
1908 2389 1928 2412 B

1477 2420 1523 2444 ΘΟ
1541 2420 1669 2451 (diuitum)
1694 2421 1777 2444 leom.
1830 2424 1926 2445 decem

1476 2455 1581 2480 leprosi
1593 2461 1628 2476 m.
1642 2456 1699 2476 ante
1715 2456 1742 2477 et
1760 2456 1835 2481 quod
1852 2462 1924 2478 seru.

1475 2489 1516 2509 clc.
1524 2486 1599 2517 ponit
1609 2487 1636 2510 J.
