2258 3157
418 291 460 322 34

667 367 774 391 AUVY.

419 412 559 441 LXVIII.
592 413 767 442 Praedicens
803 422 834 441 se
866 422 1019 450 passurum

458 460 543 489 matri
578 460 703 489 filiorum
739 460 876 488 zebedaei
912 461 1019 497 petenti

458 507 570 544 negatis
593 508 719 541 sedibus,
736 508 773 535 ait
789 507 937 536 uolentem
960 507 1019 535 fieri

458 555 585 592 primum
614 555 720 583 debere
749 555 844 592 potius
868 563 930 582 esse
960 563 1020 582 ser-

458 610 538 629 uum.

418 648 527 676 LXIX.
550 648 625 676 Item
647 647 694 676 alii
710 648 767 676 duo
790 648 869 676 caeci
885 648 1019 677 sedentes

458 704 541 723 secus
561 695 639 723 uiam
661 695 822 724 inluminati
845 695 932 724 secuti
954 701 1019 723 sunt

459 751 535 770 eum.

418 882 509 911 LXX.
533 882 702 911 Secundum
742 884 913 921 scripturam
952 892 1019 920 pro-

457 930 570 967 phetiae
586 930 658 958 sedit
679 939 766 967 super
787 931 885 958 asinae
907 930 1018 967 pullum

456 982 485 1005 et
514 977 660 1013 ingressus
689 978 830 1015 templum
855 978 920 1006 eicit
948 987 1018 1005 uen-

456 1024 576 1059 dentes;
599 1024 647 1051 ubi
665 1030 748 1053 sanat
770 1034 874 1053 caecos
896 1030 923 1052 et
940 1025 1019 1052 clau-

456 1071 511 1099 dos
541 1071 732 1099 clamantibus
758 1072 886 1109 paruulis
908 1081 1019 1100 osanna

457 1118 516 1146 filio
540 1119 636 1147 dauid.

416 1164 524 1193 LXXI.
546 1165 683 1194 Aresacta
706 1165 827 1194 ficulnea
851 1166 942 1194 uerbo
965 1166 1017 1193 mi-

458 1213 587 1241 rantibus
610 1213 679 1241 dicit
698 1213 797 1241 onmia
818 1223 893 1250 quae
917 1219 1017 1251 petunt

456 1260 609 1288 credentes
624 1259 763 1296 accipere.

415 1306 541 1334 LXXII.
565 1307 779 1343 Interrogantes
795 1307 823 1334 in
846 1316 904 1344 qua
922 1313 1016 1344 potes-

455 1359 512 1381 tate
542 1354 614 1381 mira
642 1358 767 1391 patraret
803 1354 838 1382 de
871 1355 1016 1391 baptismo

455 1401 589 1429 iohannis
611 1401 776 1438 interrogat,
793 1402 917 1438 iungens
935 1411 1016 1438 para-

455 1448 553 1476 bolam
574 1448 662 1485 patris
678 1448 706 1475 in
722 1448 838 1476 uincam
857 1449 929 1477 filios
952 1449 1015 1476 mit-

454 1495 549 1528 tentis,
572 1495 751 1523 concludens
774 1496 803 1523 in
826 1505 948 1532 regnum
970 1495 1015 1523 dei

454 1541 619 1570 sacerdotes
641 1551 658 1569 a
679 1542 877 1571 meretricibus
900 1552 1014 1579 praece-

454 1588 574 1617 dendos

412 1919 552 1948 LXXIII.
576 1919 748 1948 parabolam
778 1920 813 1948 de
843 1921 1012 1950 uinitoribus

452 1968 532 2004 ponit
547 1968 596 2004 qui
618 1967 793 2004 perimentes
809 1968 913 1996 missos
928 1968 965 1997 ad
980 1977 1011 1997 se

452 2023 551 2043 seruos
567 2015 653 2042 etiam
669 2014 758 2042 filium
773 2015 949 2043 occiderunt.

410 2061 567 2089 LXXIIII.
590 2061 763 2089 Parabolam
777 2062 812 2089 de
825 2063 1010 2090 contemtori-

453 2109 507 2136 bus
522 2109 558 2136 ad
575 2110 690 2145 nuptias
706 2109 839 2137 inuitatis.

1281 368 1310 392 C.

1071 415 1148 442 XX.
1171 416 1221 442 De
1243 416 1364 448 primis
1380 415 1523 443 nouissi—

1153 470 1225 489 mos
1239 463 1323 490 fieri.

1122 509 1138 536 i.
1162 508 1337 536 Parabularn
1374 509 1522 546 hoperari-

1195 565 1278 584 orum
1288 556 1318 583 in
1327 556 1443 584 uineam
1451 565 1521 584 con-

1195 603 1356 630 ductorum.

1117 650 1143 677 ii.
1166 649 1211 677 De
1227 650 1290 677 filiis
1306 650 1424 678 zebedei
1435 649 1472 678 Et
1485 650 1520 678 de

1195 697 1295 734 primis
1307 697 1445 725 accubitis
1457 707 1520 726 cae-

1195 753 1258 772 nae.

1094 791 1138 818 iiii.
1161 791 1206 819 De
1223 791 1336 820 duobus
1359 792 1454 820 caecis
1476 801 1521 820 se-

1194 847 1245 866 cus
1255 839 1333 866 uiam
1345 838 1520 867 sedentibus

1071 887 1166 915 XXI.
1182 888 1232 914 De
1243 887 1362 914 hasina
1377 889 1411 915 et
1424 888 1522 921 pullo

1152 934 1235 962 eius.

1120 981 1136 1007 i.
1160 980 1206 1008 De
1222 980 1289 1008 hubi
1311 980 1520 1008 nummularios

1194 1028 1258 1055 eicit
1274 1027 1309 1055 de
1324 1028 1440 1064 templo.

1117 1075 1142 1102 ii.
1166 1074 1368 1103 Clamantibus
1425 1074 1520 1111 pueris

1195 1121 1324 1149 OSANNA.

1102 1169 1138 1196 iii.
1160 1168 1205 1196 De
1239 1169 1293 1196 ficu
1325 1178 1382 1206 que
1419 1169 1519 1197 harida

1192 1215 1267 1243 facta
1281 1221 1331 1244 est.

1090 1262 1135 1290 iiii.
1150 1262 1349 1299 Interrogatur
1360 1263 1389 1290 in
1399 1272 1457 1300 qua
1467 1272 1518 1300 po-

1193 1314 1293 1337 testate
1309 1309 1382 1338 haec
1397 1310 1508 1338 faceret.

1111 1366 1134 1383 v.
1159 1356 1225 1393 Ipse
1241 1357 1400 1394 interrogat
1420 1357 1455 1385 de
1472 1357 1519 1386 Io-

1192 1403 1296 1432 hannis
1312 1404 1494 1433 babtismate.

1099 1450 1131 1477 vi.
1155 1451 1192 1478 Et
1221 1452 1400 1488 subiungens
1435 1462 1518 1489 para—

1192 1498 1289 1526 bolam
1319 1499 1444 1527 hominis
1469 1500 1518 1536 qui

1192 1545 1265 1573 filios
1276 1546 1349 1574 duos
1362 1547 1390 1574 in
1401 1547 1517 1574 uincam

1191 1593 1282 1620 mittit.

1088 1639 1130 1666 vii.
1155 1639 1190 1667 Et
1215 1640 1292 1676 quod
1318 1641 1462 1677 publicani
1490 1647 1517 1669 et

1190 1687 1355 1715 meretrices
1377 1689 1404 1716 in
1426 1698 1517 1724 regno
1543 1709 1545 1726 3

1189 1734 1233 1761 dei
1257 1735 1362 1763 multos
1383 1736 1516 1764 sacerdo-
1543 1732 1544 1751 ἶ

1189 1787 1249 1808 tum
1294 1787 1322 1810 et
1358 1783 1516 1810 scribarum

1189 1829 1244 1855 sint
1265 1830 1440 1865 praecessuri
1459 1830 1515 1858 dis·
1542 1837 1544 1845 ¹

1188 1881 1240 1903 cet.

1064 1923 1177 1950 XXII.
1199 1924 1363 1951 Parabola
1374 1925 1416 1952 de
1428 1925 1514 1952 uini-

1146 1971 1279 1998 toribus
1305 1971 1366 2005 qui
1387 1972 1514 1999 interfi-

1146 2017 1242 2045 ciunt
1257 2019 1300 2045 ad
1315 2026 1350 2045 se
1365 2019 1492 2046 mjssos.

1113 2063 1128 2090 i.
1153 2063 1295 2092 Parabola
1313 2064 1382 2092 hubi
1401 2065 1513 2093 inuitati

1186 2117 1377 2139 contemnunt
1415 2112 1512 2140 uenire

1186 2157 1222 2185 ad
1239 2159 1361 2194 nuptias.

442 2220 561 2244 LXVIII.
580 2220 673 2244 uolenti
687 2221 718 2244 U.

442 2253 520 2276 LXX.
537 2257 562 2280 >
573 2261 645 2284 super
653 2254 736 2277 asinae
746 2253 839 2285 pullum
850 2254 912 2278 sedit
925 2255 1007 2279 7710211.

1095 2218 1166 2241 XXI.
1186 2219 1229 2242 iiii.
1243 2219 1297 2242 hoc.

1061 2259 1119 2274 suos
1128 2254 1175 2281 pro
1187 2251 1257 2275 duos.

1366 2222 1396 2243 vi.
1416 2228 1461 2244 om.
1475 2224 1510 2244 et.

1326 2253 1365 2276 vii.
1384 2253 1451 2276 dicit.

891 282 1117 312 CAPJTC'LA
1146 284 1203 313 IN
1223 283 1541 313 EUANGELIUM

1621 367 1738 392 ΒῙΙΘῦΤ
1750 377 1808 393 aur.
1821 370 1898 393 Harl.
1912 376 1983 401 2797.

1577 413 1642 441 XX.
1665 413 1710 442 De
1732 415 1832 451 primis
1848 416 2026 445 nouissimos

1617 460 1734 489 futuros.

1576 507 1749 536 Parabolam
1775 510 1973 546 operariorum
1996 511 2025 538 in

1615 555 1731 583 uineam
1747 556 1965 584 conductorum.

1575 601 1620 630 De
1638 602 1776 639 petitione
1796 603 1919 631 filiorum
1940 604 2025 632 zebe-

1615 649 1660 676 dei
1676 654 1704 677 et
1724 649 1760 677 de
1782 651 1915 678 accubitu
1930 651 2026 688 primo

1615 705 1730 724 caenae.

1575 742 1619 771 De
1630 743 1743 771 duobus
1753 744 1847 771 caecis
1857 753 1940 772 secus
1947 745 2024 772 uiam

1615 790 1728 818 curatis.

1575 884 1657 912 XXI.
1690 884 1735 912 De
1764 885 1844 913 asina
1881 891 1908 913 et
1945 885 2025 922 pullo

1615 941 1683 959 eius.

1572 1172 1617 1200 De
1633 1172 1688 1200 ficu
1705 1172 1839 1200 arefacta.

1573 1220 1768 1256 Interrogatus
1793 1220 1822 1247 in
1848 1228 1906 1256 qua
1927 1226 2023 1257 potes-

1613 1272 1670 1295 tate
1699 1267 1771 1294 haec
1798 1266 1912 1300 faceret,
1938 1267 2022 1295 inter-

1613 1319 1695 1351 rogat
1724 1314 1759 1342 de
1789 1313 1922 1342 iohannis
1951 1314 2023 1351 bap-

1613 1361 1723 1389 tismate
1742 1361 1921 1398 subiungens
1940 1370 2022 1398 para-

1613 1408 1711 1436 bolam
1741 1409 1867 1436 duorum
1897 1408 2022 1436 filiorum

1612 1455 1641 1483 in
1657 1456 1771 1483 uineam
1787 1455 1951 1483 missorum.

1568 1926 1665 1954 XXII.
1688 1927 1860 1956 Parabolam
1880 1928 1915 1956 de
1931 1929 2017 1958 uinea

1608 1979 1634 2002 et
1650 1975 1760 2003 colonis
1778 1976 1826 2012 qui
1842 1976 2017 2005 interficiunt

1606 2021 1643 2049 ad
1659 2030 1690 2049 se
1705 2022 1816 2050 missos.

1566 2067 1738 2096 Parabolam
1754 2070 1789 2097 de
1812 2069 1855 2097 his
1878 2070 1926 2106 qui
1942 2070 2015 2098 inui-

1605 2115 1654 2143 tati
1691 2116 1727 2143 ad
1763 2117 1877 2154 nuptias
1916 2117 2015 2145 uenire

1606 2168 1805 2190 contemnunt.

1596 2223 1653 2246 XX.
1674 2226 1865 2251 operariorum
1876 2233 1880 2248 z
1910 2225 2013 2248 uineari-

1563 2264 1632 2279 orum
1641 2257 1668 2279 J.
1699 2261 1724 2283 >
1737 2257 1843 2280 filiorum
1855 2258 1972 2288 petitione
1982 2258 2012 2282 Θ.

1563 2289 1648 2319 primis
1665 2290 1783 2313 accubitis
1802 2290 1849 2313 BH
1868 2298 1925 2313 aur.
1968 2299 2013 2314 om.

1562 2325 1590 2344 et
1602 2323 1636 2345 de
1649 2330 1704 2346 aec.
1718 2330 1758 2349 pr.
1772 2331 1873 2346 caenae
1886 2323 1917 2346 Θ.
1953 2331 2012 2346 cae-

1561 2361 1628 2378 nae:
1650 2355 1674 2378 in
1693 2356 1773 2379 caenis
1793 2356 1818 2378 B.
1865 2363 1926 2386 quos
1944 2364 2012 2379 secus

1562 2388 1627 2410 uiam
1641 2392 1707 2411 curat
1722 2388 1755 2411 H.

1593 2420 1664 2444 XXI.
1684 2421 1753 2443 asino
1773 2421 1797 2443 B.
1844 2421 2012 2451 Interrogatus

1559 2453 1589 2476 de
1607 2453 1660 2477 Ioh.
1674 2457 1716 2477 etc.
1727 2462 1783 2477 aur.
1799 2462 1855 2479 iem.
1869 2454 1910 2476 int.
1926 2454 1949 2476 in
1963 2462 2011 2484 qua

1559 2494 1582 2516 p.
1592 2486 1614 2508 h.
1630 2486 1738 2510 facerem.
1775 2486 1897 2517 baptistae
1909 2494 1966 2509 αιιν.
