2209 3147
395 234 458 271 694

681 326 742 349 Par.
758 326 812 348 Lat.
826 325 857 349 6⁴.

396 374 492 402 XVII.
515 373 677 402 Duodecim
701 374 857 410 discipulos
881 374 965 401 mittit
989 373 1025 402 ad
1052 373 1146 410 predi-

437 422 561 450 candum
579 443 584 448 .
601 426 627 448 et
642 420 678 448 de
694 429 761 457 pera
780 426 806 448 et
828 421 966 457 peccunia
986 427 1014 448 et
1034 421 1146 448 duabus

437 475 548 496 tumms.

398 562 510 590 XVIII.
535 561 671 589 Herodes
693 562 850 598 interrogat
873 561 909 589 de
927 561 975 589 ihu
992 584 998 590 .
1014 566 1041 589 et
1063 561 1147 589 iohns

440 610 561 636 babtista
576 609 605 636 in
618 617 732 636 carcere
744 608 902 637 decollatur
915 630 920 636 .
932 615 959 636 et
975 608 1075 636 redent
1091 608 1147 636 dis-

438 656 523 692 cipuli
540 664 612 692 quos
627 655 702 683 misit
717 656 872 692 predicare.

398 701 522 731 XVIII¹.
544 702 589 730 De
605 703 732 740 quinque
751 703 874 739 panibus
889 709 914 730 et
931 702 1045 730 duobus
1064 702 1147 739 pisci-

425 751 493 788 ,bus
508 750 536 777 in
551 750 679 787 quinque
695 749 772 777 milia
786 749 948 777 hominum.

400 797 465 825 XX.
495 797 544 824 Ihs
570 805 656 833 super
681 796 784 824 fluctos
813 796 941 824 ambulat
964 819 969 823 .

440 844 569 872 infirmos
585 853 718 880 egressus
733 848 822 871 sanat.

992 801 1019 823 et
1043 795 1148 822 multos

401 938 482 966 XXI.
505 937 551 966 De
569 938 704 966 manibus
727 937 822 966 inlotis
837 942 864 965 et
884 936 962 974 quod
982 936 1020 964 ait
1043 936 1149 964 corban

442 985 520 1022 quod
536 990 578 1013 est
593 985 712 1012 donum.

402 1264 500 1292 XXII.
524 1263 637 1292 Mulieri
661 1263 872 1301 sirophaenisse
893 1262 959 1290 dicit
980 1284 985 1290 .
1007 1270 1064 1289 non
1087 1261 1151 1289 licet

441 1311 541 1340 tollere
555 1320 662 1349 panem
675 1311 796 1338 filiorum
813 1333 818 1338 .
836 1315 863 1338 et
875 1310 961 1337 filiam
977 1310 1037 1337 eius
1053 1318 1069 1336 a
1084 1309 1150 1336 dae-

441 1368 541 1387 monio
557 1364 648 1387 sanat.

401 1451 509 1480 XXII¹.
533 1453 694 1481 Hominem
711 1451 828 1479 surdum
844 1458 871 1479 et
886 1456 998 1478 mutum
1015 1455 1106 1478 sanat.

401 1547 530 1575 XXIIII.
553 1546 598 1574 De
621 1552 729 1583 septem
754 1546 874 1582 panibus
896 1551 922 1573 et
945 1545 1045 1582 paucis
1067 1544 1150 1581 pisci-

442 1594 512 1622 culis
527 1594 555 1621 in
570 1600 702 1631 quattuor
717 1593 792 1620 milia
808 1593 967 1620 hominum.

401 1643 496 1670 XXV.
519 1642 646 1670 Pharisei
669 1643 783 1679 signum
806 1646 906 1678 petunt
934 1663 938 1668 .
965 1646 992 1668 et
1014 1646 1112 1668 cauete
1136 1649 1152 1668 a

444 1690 584 1718 fermento
600 1690 798 1727 phariseorum
815 1711 820 1716 .
838 1694 864 1716 et
881 1697 968 1716 cecus
983 1687 1048 1715 dicit
1064 1688 1151 1716 uideo

442 1736 574 1765 homines
590 1737 663 1765 sicut
679 1737 796 1764 arbores
812 1735 1003 1763 ambulantes.

402 1925 513 1953 XXVI.
549 1918 618 1952 IHS
652 1924 719 1952 dicit
747 1933 833 1960 quem
867 1932 913 1950 me
942 1923 1041 1950 dicunt
1072 1931 1152 1950 aesse

443 1972 577 2000 homines
600 1994 606 2001 .
634 1977 661 1999 et
685 1970 841 2007 discipulos
866 1970 900 1997 de
927 1970 1062 2006 passione
1089 1978 1152 2006 pre-

442 2028 566 2048 monens
582 2041 586 2046 .
602 2024 683 2056 petro
706 2018 773 2046 dicit
796 2017 869 2045 uade
892 2023 967 2045 retro
989 2025 1035 2044 me
1057 2038 1062 2043 .
1080 2022 1108 2044 et
1130 2017 1152 2044 si

443 2067 506 2104 quis
528 2066 588 2094 uult
610 2072 675 2102 post
696 2074 744 2093 me
767 2064 846 2101 sequi
867 2085 872 2091 .
893 2070 920 2092 et
943 2064 990 2101 qui
1013 2072 1059 2091 me
1082 2072 1151 2091 con-

443 2114 535 2142 fessus
550 2113 641 2141 suerit.

403 2255 528 2282 XXVII.
553 2255 602 2283 ihs
617 2255 645 2282 in
661 2259 760 2282 monte
775 2252 1008 2289 transfiguratur:
1030 2256 1057 2278 et
1074 2250 1152 2288 quod

443 2303 481 2330 ait
498 2302 586 2330 helias
601 2301 696 2330 ueniet
710 2307 738 2329 et
755 2300 880 2328 restituet
895 2299 1002 2327 omnia.

1056 233 1140 261 ΕΡ]
1139 233 1166 261 L
1172 233 1228 263 OG
1236 232 1295 262 Οἷς.

1479 327 1538 350 Par.
1554 327 1610 350 Lat.
1626 333 1678 358 ²77-

1200 371 1298 399 XXII.
1320 370 1377 399 Ubi
1400 371 1475 399 misit
1498 372 1653 409 discipulos
1668 373 1820 402 duodecim
1845 373 1881 402 ad
1901 382 1951 402 ex-

1241 418 1391 455 pellendos
1406 419 1562 447 inmundos
1578 421 1691 457 spiritus
1703 426 1731 448 et
1746 421 1952 457 predicandam

1241 465 1435 501 penitenciam
1456 475 1579 494 monens
1597 467 1660 495 illos
1680 467 1831 504 quomodo
1850 468 1950 496 ambu-

1241 511 1339 539 larent.

1201 558 1313 586 XXIII.
1340 558 1398 587 Ubi
1422 560 1456 588 de
1482 560 1530 588 illo
1554 560 1660 588 audiuit
1683 561 1806 589 herodes
1828 562 1877 598 qui
1904 561 1953 589 de-

1242 605 1355 633 collauit
1377 606 1533 634 iohannem
1553 614 1701 635 enarratur
1722 617 1810 645 quare
1831 614 1859 636 et
1881 617 1952 645 quo-

1241 652 1331 680 modo
1345 652 1487 681 iohannes
1504 654 1618 682 occisus
1633 660 1684 682 est.

1201 698 1330 726 XXIIII.
1354 699 1411 728 Ubi
1427 701 1506 737 pauit
1522 702 1620 729 turbas
1634 702 1663 729 in
1685 702 1799 731 deserto
1816 702 1851 730 de
1869 702 1953 739 quin-

1242 756 1298 783 que
1314 747 1437 782 panibus
1453 754 1480 776 et
1495 748 1606 776 duobus
1622 749 1758 786 piscibus.

1202 792 1296 820 XXV.
1319 793 1377 821 Ubi
1398 794 1557 823 ambulauit
1572 805 1656 833 super
1671 805 1760 833 aquas
1776 797 1872 825 maris.

1202 839 1313 867 XXVI.
1337 840 1394 868 Ubi
1419 841 1609 870 obsecrabant
1634 852 1702 870 eum
1725 843 1829 871 infirmi
1854 849 1884 872 ut
1908 842 1954 871 uel

1243 887 1385 915 fimbriam
1400 889 1561 916 uestimenti
1576 889 1636 917 eius
1651 895 1811 926 tangerent.

1203 934 1329 962 XXVII.
1352 934 1409 962 Ubi
1433 935 1541 963 comoti
1567 942 1633 964 sunt
1654 937 1722 973 quia
1742 936 1874 973 discipuli
1893 935 1954 964 eius

1244 990 1303 1009 non
1317 981 1381 1009 lotis
1392 982 1526 1010 manibus
1541 983 1758 1011 manducabant
1770 989 1797 1011 et
1808 982 1955 1020 respondit

1244 1029 1285 1056 eis
1300 1028 1367 1065 quia
1383 1037 1449 1056 suas
1469 1029 1636 1057 traditiones
1651 1030 1846 1058 obseruabant
1861 1029 1955 1067 magis

1244 1084 1332 1111 quam
1348 1075 1392 1103 dei
1410 1098 1415 1103 .
1431 1081 1458 1103 et
1475 1077 1644 1104 conuocatis
1665 1077 1755 1104 turbis
1777 1077 1848 1104 dixit
1869 1075 1955 1104 nichil

1244 1131 1306 1150 esse
1328 1122 1408 1159 quod
1430 1123 1559 1159 inquinet
1581 1123 1730 1151 hominem
1751 1123 1831 1160 quod
1850 1132 1866 1151 a
1886 1123 1955 1151 foris

1244 1169 1328 1196 intrat
1352 1191 1358 1197 .
1381 1175 1422 1197 set
1444 1170 1523 1206 quod
1545 1170 1603 1198 exit
1625 1171 1662 1198 ab
1683 1170 1799 1198 homine
1822 1192 1827 1197 .
1850 1175 1877 1198 et
1899 1169 1956 1197 hoc

1245 1216 1339 1253 ipsum
1373 1217 1504 1254 exposuit
1534 1217 1562 1244 in
1592 1217 1682 1245 domo
1711 1216 1955 1253 interrogantibus

1245 1263 1389 1300 discipulis
1405 1264 1470 1292 suis.

1204 1310 1347 1338 XXVIII.
1371 1310 1429 1338 Ubi
1450 1311 1488 1338 ait
1510 1311 1535 1339 ei
1558 1310 1659 1339 mulier
1678 1316 1706 1338 et
1727 1319 1813 1338 canes
1832 1309 1955 1338 mandu-

1245 1358 1349 1385 cabant
1374 1358 1427 1386 sub
1452 1367 1553 1386 mensa
1580 1358 1615 1385 de
1639 1358 1721 1385 micis
1745 1366 1900 1394 puerorum
1927 1362 1955 1384 et

1245 1412 1344 1433 sanata
1359 1410 1401 1433 est
1417 1414 1434 1433 a
1449 1405 1586 1433 demonio
1601 1405 1658 1432 filia
1673 1405 1742 1433 eius.

1204 1452 1314 1479 XXIX.
1338 1452 1394 1480 Ubi
1417 1452 1534 1480 surdum
1555 1458 1582 1480 et
1600 1458 1712 1479 mutum
1729 1451 1794 1479 fecit
1811 1451 1910 1479 audire
1927 1455 1955 1479 et

1244 1502 1319 1525 recte
1335 1497 1422 1534 loqui.

1204 1544 1299 1572 XXX.
1323 1544 1380 1572 L'bi
1401 1544 1480 1581 pauit
1502 1544 1601 1572 turbas
1623 1544 1651 1571 in
1667 1543 1779 1571 deserto
1795 1542 1830 1570 de
1846 1547 1955 1580 septem

1245 1591 1369 1628 panibus
1385 1597 1412 1619 et
1427 1591 1527 1628 paucis
1542 1591 1675 1628 piscibus.

1204 1638 1316 1666 XXXI.
1338 1638 1396 1666 Ubi
1416 1638 1560 1675 petierunt
1580 1637 1704 1674 pharisei
1725 1638 1762 1665 ab
1784 1645 1819 1665 eo
1840 1637 1955 1673 signum

1246 1686 1280 1714 de
1293 1686 1381 1714 caelo.

1178 1773 1179 1785 ἵ
1205 1733 1332 1761 XXXII.
1355 1732 1413 1761 Ubi
1429 1732 1498 1760 dixit
1513 1732 1657 1769 discipulis
1673 1737 1772 1759 cauete
1787 1730 1956 1758 afermento

1246 1780 1443 1817 phariseorum
1458 1786 1485 1807 et
1501 1789 1517 1807 a
1532 1779 1673 1807 fermento
1689 1778 1921 1806 herodianorum.

1205 1827 1348 1855 XXXIII.
1372 1826 1429 1855 Ubi
1446 1827 1554 1854 curauit
1569 1835 1669 1854 cecum
1689 1834 1796 1862 spuens
1811 1825 1839 1852 in
1855 1823 1956 1852 oculos

1245 1873 1315 1901 eius.

1206 1919 1364 1948 XXXIIII.
1382 1918 1439 1947 Ubi
1455 1919 1524 1947 dixit
1537 1918 1683 1955 discipulis
1695 1926 1781 1955 quem
1797 1925 1845 1944 me
1857 1916 1956 1944 dicunt

1247 1967 1379 1995 homines
1394 1975 1457 1994 esse
1473 1971 1501 1994 et
1516 1966 1551 1993 de
1572 1966 1707 2003 passione
1723 1970 1749 1992 et
1765 1964 1799 1991 de
1815 1972 1956 1991 resurrec-

1246 2014 1323 2042 tione
1346 2022 1396 2041 sua
1412 2018 1439 2041 et
1461 2013 1598 2050 corripuit
1618 2017 1730 2049 petrum
1751 2011 1901 2039 timentem
1919 2018 1956 2037 ne

1247 2066 1415 2089 moreretur.

1206 2108 1330 2136 XXXV.
1353 2108 1411 2136 Ubi
1433 2107 1557 2144 precepit
1573 2107 1607 2135 de
1624 2115 1707 2135 cruce
1727 2104 1852 2134 tollenda
1871 2109 1899 2132 et
1921 2103 1956 2132 de

1246 2156 1341 2184 anima
1370 2155 1517 2192 perdenda
1545 2160 1574 2181 ut
1611 2154 1736 2181 saluetur
1765 2157 1793 2180 et
1822 2152 1857 2180 de
1886 2160 1956 2179 con-

1246 2203 1375 2231 sessione.

1206 2250 1346 2278 XXXVI.
1379 2249 1438 2277 Ubi
1460 2250 1498 2277 ait
1521 2248 1662 2285 quosdam
1689 2256 1752 2275 esse
1780 2255 1816 2274 ex
1839 2245 1883 2273 his
1907 2244 1956 2282 qui

1247 2298 1360 2326 stabant
1389 2306 1449 2325 non
1482 2296 1596 2324 uisuros
1631 2300 1753 2322 mortem
1789 2293 1956 2330 priusquam

1247 2345 1377 2372 uiderent
1394 2352 1515 2381 regnum
1531 2342 1584 2370 dei.

1206 2391 1362 2419 XXXVII.
1385 2391 1444 2419 Ubi
1461 2399 1490 2418 se
1507 2388 1631 2418 ostendit
1651 2389 1741 2416 tribus
1762 2385 1907 2423 discipulis
1926 2385 1956 2412 in

1246 2445 1344 2466 monte
1374 2439 1402 2466 in
1431 2437 1556 2466 claritate
1585 2436 1622 2463 ibi
1652 2435 1725 2463 sacta
1760 2439 1801 2462 est
1830 2442 1888 2461 uox
1920 2431 1956 2460 de

1247 2486 1322 2512 nube
1338 2485 1383 2512 hic
1399 2489 1439 2512 est
1456 2484 1529 2511 filius
1550 2491 1631 2510 meus
1646 2481 1845 2510 dilectissimus
1860 2479 1956 2507 audite

1247 2539 1322 2557 Cum.

1180 2598 1181 2602 ,
1207 2576 1379 2604 XXXVIII.
1402 2575 1459 2603 Ubi
1485 2585 1550 2603 eum
1575 2575 1824 2610 interrogauerunt
1848 2571 1883 2599 de
1906 2570 1955 2598 ad-

1248 2628 1335 2651 uentu
1352 2622 1460 2659 helyae.
