2258 3157
425 252 465 293 38

675 338 779 362 AUVY.

427 384 578 412 LXXXV.
594 383 780 411 Praenuntiat
791 383 898 420 pascha
908 388 974 419 post
986 382 1028 410 bi-

468 433 557 460 duum
574 440 662 468 seque
679 430 871 465 tradendun1;
896 429 1027 458 refertur-

468 488 524 516 que
554 478 706 506 consilium
736 477 906 505 iudaeorum
936 482 963 504 et
993 477 1028 505 de

469 526 612 554 alabastro
633 524 752 561 ungenti
768 533 827 560 quo
845 523 946 551 mulier
961 533 1027 551 eum

469 573 577 600 deuota
601 571 742 608 perfudit;
775 571 821 598 uel
852 570 932 608 quod
962 570 1028 598 iuda

469 619 584 656 triginta
627 618 772 655 argenteis
810 627 877 645 eum
921 617 1029 654 placuit

470 666 646 694 uenditurus.

430 900 597 928 LXXXVI.
622 900 715 929 Series
737 900 880 937 passionis
906 908 1029 927 ennara-

471 953 522 979 tur„
534 957 625 984 usque
637 947 673 975 ad
683 947 780 975 locum
793 955 851 983 quo
867 945 905 974 ait
917 946 1029 973 munie-

471 999 536 1022 runt
549 995 731 1031 sepulchrum
741 994 889 1031 signantes
902 993 1028 1029 lapidem

470 1051 536 1070 cuin
553 1042 729 1070 custodibus.

431 1089 613 1117 LXXXVII.
648 1088 879 1117 Resurrectionis
903 1088 1031 1116 similiter

471 1137 544 1165 ordo
573 1136 691 1164 refertur
719 1145 736 1163 a
765 1145 885 1172 uespere
919 1135 1030 1163 sabbati

471 1193 563 1220 usque
585 1184 621 1212 ad
642 1184 738 1212 locum
754 1192 813 1220 quo
836 1183 874 1210 ait
896 1187 923 1210 et
939 1182 1030 1210 diuul-

472 1236 574 1266 gatum
610 1236 654 1259 est
690 1230 813 1258 uerbum
850 1229 925 1257 istud
954 1229 1031 1266 apud

474 1277 592 1306 iudaeos
609 1287 699 1315 usque
716 1278 744 1304 in
758 1276 931 1306 hodiernum
947 1276 1032 1304 diem.

437 1847 638 1876 LXXXVIII.
666 1847 812 1875 Undecim
839 1845 986 1882 discipulis
1010 1845 1040 1872 in

479 1900 578 1923 monte
595 1894 782 1922 adorantibus
801 1892 967 1930 baptizandi
983 1891 1040 1919 sor-

480 1941 589 1969 mulam
605 1941 690 1968 tradit
706 1946 733 1969 et
749 1949 831 1968 suam
847 1940 887 1968 eis
904 1948 994 1976 usque
1011 1939 1039 1965 in

480 1989 567 2016 finem
599 1988 705 2016 saeculi
734 1987 929 2024 praesentiam
958 1985 1041 2023 polli-

481 2040 570 2063 cetur.

885 251 1113 281 CAPITULA
1142 251 1200 279 IN
1221 249 1540 279 EUANGELJUM

1290 336 1319 359 C.

1082 384 1206 411 XXVI.
1251 384 1301 410 De
1348 383 1534 411 Iudeorum

1164 430 1304 458 consilio
1322 432 1364 459 de
1384 436 1534 463 compre-

1164 479 1343 505 hendendo
1359 479 1470 505 Ihesu.

1133 525 1148 552 i.
1164 524 1209 552 De
1222 524 1340 552 muliere
1353 533 1429 561 quae
1440 523 1533 560 hung-

1206 576 1296 599 uento
1312 571 1438 608 perfudit
1453 570 1526 598 Ihm.

1129 619 1154 646 ii.
1177 618 1264 646 Iudas
1295 619 1437 654 premium
1467 617 1534 654 petit
1561 656 1562 665 ¹

1207 672 1236 692 ut
1253 665 1345 692 tradat
1362 665 1435 692 Irim.

1113 713 1148 740 iii.
1173 712 1309 740 Caeuans
1336 712 1371 740 de
1397 711 1534 740 traditore
1561 704 1562 738 l

1207 768 1260 787 suo
1304 759 1341 787 ad
1377 749 1562 795 discipulos'

1208 806 1341 842 loquitur.

1104 854 1149 881 iiii.
1173 853 1293 881 Oblatio
1309 853 1379 881 eius.

1083 902 1226 929 XXVII.
1240 902 1341 928 Petro
1349 901 1434 928 dicit
1444 901 1536 934 quod.

1163 949 1265 976 tertio
1278 949 1374 982 pullo
1389 956 1467 975 eum
1479 949 1536 975 ab·

1164 998 1349 1029 negaturus
1364 997 1461 1023 esset.

1133 1043 1148 1070 i.
1174 1043 1353 1070 Horationes
1366 1042 1420 1069 Ihu
1433 1041 1470 1069 ad
1479 1041 1536 1069 Pa-

1206 1094 1286 1117 trem.

1108 1134 1160 1176 [ii.]
1172 1136 1259 1164 Iudas
1270 1136 1334 1164 I’nm
1345 1135 1469 1164 hosculo
1479 1140 1535 1163 tra-

1208 1184 1286 1211 didit.

1128 1231 1164 1258 iii.
1187 1231 1223 1259 Et
1248 1231 1349 1258 Petrus
1375 1229 1536 1258 auriculum
1562 1248 1564 1264 χ

1209 1278 1337 1306 abscidit.

1119 1325 1164 1352 iiii.
1188 1325 1236 1352 Ihs
1249 1324 1326 1353 falsis
1339 1325 1456 1353 testibus
1466 1333 1537 1352 con·
1563 1347 1565 1350 .

1210 1372 1364 1399 demnatur
1401 1377 1428 1399 et
1465 1371 1565 1402 inlu-,

1212 1419 1294 1447 ditur.

1130 1476 1154 1494 v.
1178 1466 1279 1494 Petrus
1307 1466 1389 1494 tertio
1415 1466 1540 1502 abnegat

1213 1519 1240 1541 et
1257 1513 1430 1541 lacrimatur.

1106 1559 1167 1599 [vi]
1185 1561 1233 1588 Ins
1249 1560 1337 1597 pilato
1352 1560 1480 1587 traditur.

1112 1608 1155 1635 vii.
1179 1608 1216 1635 Et
1247 1607 1334 1635 Iudas
1369 1607 1474 1643 laqueo
1511 1616 1541 1634 se
1566 1586 1569 1630 l

1215 1654 1374 1691 suspendit.

1094 1699 1173 1740 [viii]
1188 1701 1233 1730 De
1248 1711 1319 1738 agro
1334 1701 1422 1738 figuli.

1103 1748 1166 1776 viiii.
1189 1748 1332 1776 Iudicium
1351 1747 1439 1785 pylati
1457 1753 1485 1775 et
1509 1747 1544 1774 de

1216 1796 1347 1823 barabba
1362 1795 1481 1823 latrone.

1093 1844 1255 1871 XXVIII.
1282 1843 1398 1871 Passio
1426 1842 1488 1869 ihu
1512 1844 1546 1870 et

1175 1892 1352 1925 sepultura
1377 1892 1412 1918 et.
1436 1897 1546 1917 resus-

1176 1939 1283 1966 reetio
1298 1938 1380 1965 eius.

1145 1984 1161 2012 i.
1184 1985 1317 2021 Itemque
1353 1983 1491 2011 mandata
1520 1988 1547 2011 et

1218 2031 1348 2059 doctrina
1359 2031 1420 2059 eius
1430 2031 1464 2058 de
1476 2030 1546 2057 bab-

1219 2078 1313 2106 tismo.

1561 872 1562 880 ¹
1589 892 1717 919 xxvii.

1631 333 1746 357 Brit-MT
1758 341 1815 356 aur.
1830 333 1907 356 Harl.
1922 338 1992 364 2797.

1588 380 1698 408 XXVI.
1733 379 1907 407 Iudaeorum
1943 379 2038 407 consi-

1629 428 1699 455 lium
1711 427 1746 455 de
1759 426 2037 463 comprehendendo

1629 474 1698 502 Ihu:
1733 478 1760 502 et
1789 478 1885 501 cetera
1909 482 1984 510 quae
2009 473 2038 500 in

1628 530 1719 549 caena
1735 520 1844 549 domini
1860 527 1941 557 gesta
1961 524 2034 548 sunt.

1770 891 1856 919 Petro
1902 891 2042 928 praedicit

1630 938 1709 976 quod
1730 939 1812 967 tertio
1833 947 1900 967 eum
1921 944 2040 975 negatu-

1630 995 1679 1013 rus
1694 990 1777 1014 esset.

1671 1032 1773 1061 Oratio
1791 1032 1845 1060 Ihu
1868 1032 1905 1060 ad
1928 1038 2040 1069 patrem

1631 1085 1660 1108 et
1678 1084 1773 1108 cetera
1789 1089 1856 1107 cum
1872 1079 2041 1107 traderetur.

1599 1845 1743 1874 XXVIII.
1769 1845 1870 1874 Passio
1885 1845 1940 1874 Ihu
1959 1851 1985 1874 et
2004 1854 2049 1873 se·

1639 1893 1753 1931 pultura
1762 1898 1789 1921 et
1800 1893 1968 1921 resurrectio
1979 1893 2049 1921 eius.

1681 1940 1813 1977 Itemque
1847 1940 1985 1968 mandata
2023 1944 2049 1967 et

1641 1987 1772 2015 doctrina
1779 1987 1839 2015 eius
1849 1987 1884 2015 de
1895 1987 2050 2024 baptismo.

475 2158 603 2181 LXXXV.
623 2157 767 2180 Pronuntiat
797 2157 882 2179 Thoan.
917 2155 1044 2178 mulierem

442 2191 464 2214 Y
480 2196 536 2222 (pro
554 2190 641 2213 mulier
657 2194 740 2217 cum);
758 2189 847 2212 mulier
860 2189 889 2211 U.
924 2189 979 2219 trig.
993 2196 1043 2218 arg.

443 2223 578 2254 promissis.
629 2223 709 2246 Iesum
737 2221 871 2253 spopondit
900 2221 1045 2245 tradendum

450 2257 532 2279 Tlmm.

479 2288 634 2311 LXXXVII.
652 2296 697 2311 om.
711 2289 787 2315 apud
799 2289 920 2311 Iudaeos
938 2287 1021 2310 leom.

478 2322 574 2344 &dm-r.
589 2321 724 2352 expliciunt
732 2320 841 2351 capitula
849 2320 982 2343 lectionum
992 2319 1047 2346 AY.

445 2355 579 2384 expliciunt
595 2354 624 2377 U.

478 2387 557 2410 A‘l‘hr'l
567 2387 637 2409 habel
650 2387 678 2409 V.

1074 2373 1079 2441 ἰ

1130 2152 1225 2175 XXVI.
1243 2151 1277 2174 iii.
1297 2151 1327 2174 de
1337 2151 1396 2175 Inde
1407 2151 1531 2174 traditore.

1130 2185 1240 2208 XXVII.
1262 2188 1288 2210 >
1300 2185 1355 2207 abn.
1368 2192 1432 2207 eum.

1131 2217 1228 2241 Subi-cr.
1242 2217 1343 2248 explicit
1352 2217 1468 2240 elenchus
1475 2223 1547 2239 euan-

1098 2250 1157 2280 gelii
1170 2252 1236 2273 scdm
1251 2250 1373 2273 Matteum
1387 2250 1416 2273 C.

1632 2154 1743 2177 XXVII.
1764 2155 1929 2184 abnegaturus
1943 2154 2025 2179 ΒΗΘ.

1633 2187 1758 2210 XXVIII.
1776 2187 1841 2210 ihu:
1859 2187 1908 2210 dni.

1634 2220 1731 2243 Sulvsfr.
1760 2219 1861 2250 explicit
1879 2219 1995 2243 elenchus
2016 2227 2052 2243 Se-

1601 2254 1665 2276 cund
1680 2252 1818 2276 Mattheum
1834 2252 1859 2279 B,
1874 2252 1976 2283 explicit
1989 2252 2035 2283 ΘΙ.

1635 2285 1664 2308 N
1664 2285 1714 2308 iln'l
1724 2285 1814 2308 liabent
1831 2285 1881 2307 HT
1894 2293 1951 2308 aur.

1636 2318 1818 2341 Ayulllcrallolle·
1830 2321 1896 2340 cari!
1907 2326 1963 2341 aur.

759 2522 796 2544 lh·
808 2522 867 2544 aliis
884 2521 1050 2551 capitulorum
1061 2520 1189 2550 gczrrrz'lm,x
1199 2520 1277 2550 ssmir
1291 2520 1383 2543 anschis
1397 2520 1424 2541 [a
1440 2517 1619 2548 l'ra'ljzgimtrnt‘s
1632 2518 1731 2541 nastris.
