2209 3147
337 236 397 274 298

497 320 684 344 AHVYHarl.
701 324 770 351 2797.

336 366 477 395 LXVIII.
501 377 518 395 x
543 367 663 404 leprosis
689 367 837 395 mundatis
861 376 936 395 unus

377 420 489 443 tantum
502 420 529 442 et
540 413 594 442 hoc
607 414 768 451 alienigena
781 414 817 442 ad
829 415 936 451 gratias

376 462 527 489 reuertitur
542 461 715 489 reserandas.

336 551 443 581 LXIX.
484 553 684 590 Interrogatus
727 553 761 581 de
805 559 934 590 tempore

375 600 455 637 regni
467 600 511 628 dei
525 600 672 637 respondit
683 609 743 628 non
755 610 821 628 curn
834 601 933 629 obser-

375 647 491 675 uatione
507 652 661 675 uenturum
682 656 807 685 eumque
830 647 932 684 fulgori

374 703 549 731 comparans
575 694 765 731 occupandos
791 704 841 723 eos
867 694 933 722 dicit

374 740 508 768 homines
521 741 594 769 sicut
606 741 635 768 in
647 741 747 769 diebus
760 751 815 769 noe
831 746 859 769 et
874 741 933 769 loth

374 794 401 815 et
417 788 452 815 de
473 788 548 816 binis
568 788 598 815 in
616 793 692 816 tecto
712 789 741 816 in
759 788 837 816 mola
858 794 884 816 et
904 789 932 815 in

374 844 444 871 agro
465 835 597 872 singulos
617 835 808 863 assumendos
826 840 853 863 et
877 835 933 862 sin-

374 881 458 918 gulos
474 882 641 918 pronuntiat
658 882 869 919 relinquendos.

334 972 426 1001 LXX.
439 973 486 1001 Ad
497 974 758 1011 semperorandum
764 974 934 1011 parabolam

376 1021 504 1049 deuidua
512 1021 594 1058 ponit
604 1021 743 1049 ultionem
754 1021 790 1049 de
801 1021 934 1049 aduersa-

373 1069 415 1096 rio
427 1077 479 1097 suo
491 1069 528 1096 ab
540 1068 640 1105 iniquo
652 1068 744 1097 iudice
757 1068 932 1105 postulante.

334 1114 441 1143 LXXI.
465 1115 604 1144 Oratione
620 1115 762 1152 pharisaei
781 1116 809 1143 in
826 1116 934 1152 templo

373 1168 401 1190 et
423 1162 571 1200 publicani
595 1163 743 1199 proposita
765 1163 851 1191 docet
874 1172 934 1191 non

374 1209 507 1237 iactanda
543 1209 643 1237 merita
680 1210 732 1237 sed
770 1209 935 1238 confitenda

374 1262 501 1293 peccata.

334 1302 458 1330 LXXII.
482 1303 622 1331 Paruulos
652 1312 668 1331 a
697 1312 726 1331 se
753 1304 842 1332 uetari
868 1313 934 1340 pro-

374 1350 477 1378 hibens
514 1350 703 1378 humilitatem
740 1351 793 1378 sub
832 1360 934 1379 eorum

374 1398 492 1425 nomine
509 1397 651 1434 significat
668 1397 867 1434 optinendam.

334 1444 474 1472 LXXIII.
498 1444 684 1481 Interrogans
701 1444 782 1473 diues
795 1445 830 1472 de
844 1445 934 1481 possi-

373 1491 469 1520 denda
480 1492 538 1519 uita
548 1496 664 1520 aeterna
675 1492 804 1521 secunda
816 1501 934 1529 respon-

374 1540 456 1567 sione
477 1539 562 1567 tristis
584 1539 711 1566 abscedit
728 1544 755 1567 et
772 1539 934 1577 relinquen-

374 1587 449 1614 tibus
465 1592 584 1623 propter
599 1595 708 1614 nomen
724 1595 807 1614 suum
824 1591 933 1624 tempo-

374 1633 442 1661 ralia
458 1633 592 1661 dominus
608 1638 723 1661 aeterna
738 1634 884 1671 promittit.

334 1680 491 1709 LXXIIII.
514 1681 704 1709 Tradendum
723 1690 753 1709 se
774 1681 934 1718 hierosoly-

373 1728 428 1756 mis
443 1737 654 1765 passurumque
670 1728 817 1765 praedicit.

333 1775 456 1803 LXXV.
480 1775 564 1803 quta
580 1775 708 1803 hiericho
720 1785 808 1804 caeco
821 1775 933 1803 mendi-
960 1787 961 1801 z

372 1822 449 1851 canti
464 1822 563 1850 lumen
579 1822 608 1849 in
623 1822 767 1859 praesenti
784 1823 912 1850 restituit.
960 1828 961 1833 ¹

366 1946 458 1970 LXIX.
478 1947 573 1973 regni:
593 1953 694 1977 regnum
712 1946 740 1969 V.
777 1947 934 1977 occupandus

334 1979 369 2003 H.
404 1979 429 2002 in
441 1978 519 2002 molat
532 1978 625 2002 Harl.*
637 1979 706 2009 <serit
719 1984 802 2007 cram.

366 2012 446 2035 LXX.
472 2013 633 2039 postulante
649 2019 666 2035 ÷
682 2012 723 2042 qui
752 2012 823 2035 iudex
850 2012 933 2043 regula

333 2044 541 2068 dissimilitudinis
553 2044 683 2067 adhibetur
696 2044 729 2067 H.

366 2077 460 2100 LXXI.
479 2077 606 2100 iactandae
618 2077 694 2100 Harl.

367 2110 488 2133 LXXIII.
507 2109 613 2133 abscidit
625 2109 655 2133 Y.
691 2117 793 2133 nomen
802 2116 818 2134 4-
828 2110 880 2134 eius
895 2110 937 2133 sed

332 2146 445 2174 expunrt.
461 2142 490 2166 V.

366 2175 470 2199 LXXV.
488 2183 534 2199 om.
548 2177 579 2198 in
592 2175 667 2198 Harl.

1176 321 1254 352 cm.

1030 367 1141 396 Decem
1168 368 1276 405 leprosi
1303 373 1439 396 curantur

1070 424 1106 443 ex
1119 415 1224 452 quibus
1236 415 1331 443 hunus
1343 425 1438 444 reuer·
1466 431 1467 434 =

1072 471 1120 490 sus
1143 462 1208 490 Ihm
1227 462 1355 499 sequitur
1372 472 1437 499 gra-

1070 509 1124 537 tias
1139 519 1229 546 agens
1245 509 1307 538 deo.

1029 555 1108 583 Intra
1131 565 1185 584 nos
1211 565 1292 584 aesse
1314 566 1435 594 regnum

1068 603 1123 631 dei.

1027 650 1128 687 Ipsum
1175 656 1270 678 autem
1314 660 1435 688 regnum

815 236 866 265 CA
873 236 1042 265 PJTULA
1070 237 1127 266 IN
1146 236 1233 265 EUA
1240 237 1465 267 NGELJUM

1493 321 1715 352 BoJ(l1reues)Ox
1723 323 1782 346 Par.
1789 323 1846 346 Lat.
1855 323 1941 352 10438.

1492 375 1592 403 decem
1608 375 1712 412 leprosi
1729 375 1904 404 mundantur

1464 466 1467 546 f

1490 563 1563 591 intra
1579 573 1634 592 nos
1650 572 1712 592 esse
1729 572 1850 601 regnum
1865 563 1894 592 di

1068 698 1147 725 iuxta
1176 697 1343 735 exemplum
1378 707 1435 726 noe
1463 696 1464 731 ᾖ

1068 744 1116 772 uel
1131 744 1206 773 Loth
1220 745 1315 773 subito
1327 745 1435 773 uenire.
1463 743 1464 778 J

1028 790 1094 819 Hac
1121 797 1189 820 tunc
1213 792 1301 819 alium
1323 792 1436 820 adsumi

1068 843 1096 867 et
1111 839 1199 867 aliurn
1215 839 1345 876 relinqui.

1028 886 1066 914 Et
1081 886 1151 914 hubi
1166 885 1250 914 fuerit
1262 895 1367 924 corpus
1379 886 1435 914 illic

1070 933 1190 971 aquilae.

1030 980 1250 1009 Similitudinem
1266 981 1371 1009 uiduae
1390 990 1435 1009 ro·
1463 984 1465 1001 ῑ

1069 1028 1165 1065 gantis
1187 1033 1232 1056 aet
1257 1028 1357 1056 iudicis
1383 1028 1436 1055 ini-

1068 1084 1126 1112 qui.

1028 1122 1065 1150 Et
1101 1122 1225 1151 duorum
1261 1123 1290 1150 in
1327 1122 1465 1160 templo}

1068 1170 1243 1198 horantium.

1028 1311 1065 1340 Et
1095 1311 1220 1340 infantes
1249 1321 1307 1340 non
1341 1311 1436 1349 prohi-

1069 1358 1190 1387 bendos.

1030 1453 1195 1482 Similitudo
1219 1453 1314 1481 diuitis
1340 1460 1367 1482 et
1389 1463 1437 1482 ca-

1071 1500 1148 1528 melli
1167 1500 1277 1529 facilius
1297 1510 1348 1538 per
1363 1500 1437 1529 fora-

1069 1556 1137 1575 men
1153 1547 1242 1576 achus
1258 1552 1407 1576 transture.

1028 1594 1066 1622 Et
1105 1594 1225 1622 homnia
1268 1594 1313 1623 hic
1355 1595 1437 1623 relin-

1070 1642 1194 1679 quenda.

990 1690 1100 1717 XVII.
1124 1690 1237 1721 Quum
1251 1691 1437 1724 discipulos

1070 1738 1261 1765 aduentum
1272 1738 1338 1765 sibi
1352 1738 1437 1765 indi-

1070 1787 1162 1812 earet

1029 1839 1147 1858 caecum
1162 1831 1374 1859 mendicantem
1386 1841 1436 1859 cu-

1069 1883 1150 1905 rauit.

1489 984 1646 1013 similitudo
1674 984 1778 1013 uiduae
1810 985 1939 1023 rogantis

1463 1019 1465 1079 Ξ
1530 1036 1557 1060 et
1572 1032 1675 1060 iudicis
1692 1032 1783 1070 iniqui

1490 1131 1517 1155 et
1532 1126 1656 1155 duorum
1672 1127 1702 1155 in
1723 1127 1832 1165 templo
1853 1136 1938 1156 oran-

1531 1179 1611 1203 tium.

1490 1687 1588 1717 XVII.
1613 1688 1690 1717 Cum
1716 1688 1862 1726 discipulis
1887 1688 1937 1718 ad-

1531 1741 1653 1764 uentura
1669 1737 1722 1764 sibi
1739 1736 1877 1765 indicaret

1490 1839 1609 1859 caecum
1624 1831 1839 1859 mendicantem
1855 1839 1938 1859 CUI‘R-

1531 1883 1570 1904 ult

1020 1957 1089 1981 XVI.
1111 1961 1138 1984 >
1148 1965 1248 1988 regnum
1260 1962 1343 1982 autem
1357 1959 1436 1990 ipsum

991 1990 1075 2014 Thom.
1120 1991 1257 2014 similitudo
1280 1995 1322 2022 pr.
1352 1992 1437 2015 leouz.

985 2024 1110 2046 transituri
1128 2024 1212 2047 Tlrom.

1020 2056 1104 2079 XVII.
1117 2056 1246 2088 discipulis
1257 2057 1340 2080 Thone.
1365 2065 1435 2081 euen—

986 2092 1039 2112 tura
1052 2090 1124 2112 Alex.
1138 2096 1174 2119 14.

1521 1961 1592 1984 XVI.
1619 1961 1671 1984 dec.
1691 1961 1750 1991 lepr.
1769 1970 1784 1984 a
1802 1961 1850 1984 dno
1869 1969 1938 1984 niun-

1489 1994 1578 2017 dantur
1604 1997 1627 2017 et
1654 1995 1685 2017 ab
1711 2002 1760 2017 uno
1789 1994 1940 2024 glorificatur

1492 2027 1577 2056 10438.
1613 2027 1799 2050 similitudinem
1813 2026 1857 2050 O*.
1891 2035 1938 2050 om.

1490 2063 1518 2083 et
1527 2063 1584 2082 mm·
1594 2061 1714 2083 duorum
1723 2058 1767 2083 Of
1797 2062 1938 2083 orantium

1496 2100 1513 2115 4-
1530 2092 1630 2115 difficile
1655 2092 1757 2116 diuitem
1785 2092 1885 2116 introire
1914 2093 1938 2116 in

1489 2132 1590 2156 regnum
1603 2125 1642 2148 dei
1655 2125 1717 2148 ΒΘ]
1732 2126 1808 2155 10438
1826 2126 1910 2148 Tlmm.

1462 2158 1464 2181 i
1522 2158 1605 2181 XVII.
1625 2158 1665 2180 lla
1684 2158 1742 2188 legit
1763 2159 1839 2187 1043ss
1860 2158 1890 2181 de
1908 2166 1938 2181 eo

1462 2192 1464 2214 ἰ
1489 2190 1554 2221 quod
1567 2190 1695 2221 discipulis
1708 2194 1809 2214 uentura
1819 2190 1939 2222 praedixit

1462 2221 1463 2248 i
1489 2224 1519 2246 de
1532 2231 1606 2247 caeco
1620 2223 1657 2246 cui
1671 2223 1716 2246 dns
1728 2223 1838 2247 hiericho
1854 2223 1938 2247 tribuit

1488 2256 1576 2279 uisum.
1611 2256 1769 2279 aduentnram
1783 2257 1805 2280 O
1816 2258 1849 2286 (ct
1857 2264 1873 2279 ÷
1883 2264 1937 2287 pas-

1488 2290 1580 2312 sionem
1595 2289 1648 2317 Of).
