2209 3147
673 284 741 311 DE
761 284 1011 313 SECTIONIB
1019 284 1071 311 HS
1092 284 1410 312 AMMONJANIS.
1734 291 1792 325 737

292 368 327 400 Si
348 368 434 398 enim
458 368 541 398 duos
563 367 685 398 stichos
707 367 739 397 in
766 377 964 406 unoquoque
980 377 1075 396 uersu
1098 366 1257 397 hodierno
1274 377 1483 397 numeremus
1500 366 1602 407 (quod
1623 368 1795 399 ueritatem

292 431 397 451 rerum
418 420 497 449 satis
519 423 743 459 repraesentat
762 419 788 448 si
808 418 953 458 syllabas
970 418 1080 458 potius
1098 428 1196 457 quam
1214 418 1340 449 litteras
1357 418 1613 460 computemus),
1631 419 1797 450 Iohannes

291 472 392 502 habet
408 471 531 502 stichos
551 470 651 509 1756,
669 471 724 509 qui
745 480 900 499 numerus
916 480 980 499 non
1002 469 1142 500 multum
1159 470 1258 500 distat
1275 471 1317 500 ab
1334 470 1533 500 Alcuiniano
1553 471 1654 506 1,800.

543 579 571 610 3.
620 570 675 600 DE
699 576 943 600 SECTIONIBUS
970 570 1223 601 AMMONIANIS
1248 577 1287 600 IN
1312 577 1550 601 EUANGELIIS.

337 639 510 670 Canonum
524 637 653 668 tabulas
666 649 765 678 supra
781 637 849 679 (pp.
866 637 962 679 7—10)
976 649 1018 669 ex
1033 638 1271 669 Tischendorfii
1286 639 1432 670 editione
1443 639 1533 680 typis
1547 640 1797 678 mandauimus3

293 696 324 721 et
342 692 501 721 sectiones
518 690 690 720 Ammonii
709 691 741 720 in
759 690 905 730 margine
926 690 1185 731 Euangeliorum
1203 696 1363 730 perpetuo
1379 691 1564 722 citauimus.

337 743 401 772 Hic
418 752 494 772 uero
511 752 664 772 numeros
682 746 811 771 tantum
829 742 963 772 ultimos
980 742 1098 773 damus
1115 743 1171 782 qui
1193 743 1367 783 unicuique
1388 743 1574 783 Euangelio
1591 743 1623 773 in
1651 743 1799 784 margine

292 795 512 834 adponuntur,
538 793 589 823 uel
617 794 648 824 in
677 804 840 824 canonum
869 793 990 824 tabulis
1016 800 1329 834 repraesentantur3
1361 805 1460 835 saepe
1492 796 1578 825 enim
1610 796 1730 826 accidit
1763 800 1799 826 ut

294 845 433 876 Codices
455 850 512 876 aut
535 845 612 875 folia
629 845 737 886 priora
755 846 786 875 in
812 846 930 886 quibus
954 846 1024 876 sine
1048 846 1149 877 dubio
1175 852 1267 877 erant
1292 857 1454 877 canonum
1479 847 1619 882 tabulae,
1638 852 1695 878 aut
1720 846 1798 877 folia

293 897 409 927 ultima
434 897 577 928 cuiusuis
602 897 785 938 Euangelii,
813 908 838 927 e.
853 908 883 937 g.
908 898 1012 928 Marci
1041 898 1093 928 uel
1120 898 1286 937 Iohannis,
1309 899 1530 938 perdiderint;
1554 899 1600 930 ita
1628 904 1664 929 ut
1692 898 1798 929 ultimi

291 949 474 980 sectionum
506 949 632 980 numeri
665 949 698 980 in
729 960 768 980 eo
800 949 925 980 Codice
957 951 1163 990 reperiantur
1188 951 1220 980 in
1249 961 1316 990 quo
1344 950 1476 981 tabulae
1507 951 1638 989 desint3
1672 951 1723 981 uel
1755 961 1798 981 ex

292 1001 413 1032 tabulis
430 1012 585 1032 numeros
602 1001 755 1042 colligere
771 1001 936 1042 possimus
954 1002 1010 1033 ubi
1027 1002 1180 1033 ultimum
1200 1003 1375 1043 Euangelii
1393 1002 1506 1034 folium
1524 1008 1675 1043 ereptum
1695 1002 1745 1033 sit.

759 1069 783 1093 in
798 1070 910 1094 Mattheo
986 1070 1010 1093 in
1024 1070 1110 1094 Marco
1211 1071 1235 1094 in
1249 1071 1316 1094 Luca
1402 1071 1427 1094 in
1441 1071 1552 1094 Iohanne

488 1109 511 1131 A
540 1108 614 1132 habet
626 1109 746 1132 sectiones
814 1115 860 1139 355
1030 1116 1076 1139 233
1243 1117 1289 1140 342
1459 1117 1503 1140 232

488 1150 508 1172 B
816 1157 862 1180 355
1031 1157 1075 1181 232
1244 1158 1290 1181 342
1459 1158 1503 1180 232

487 1191 516 1214 {F
811 1199 859 1222 354
1028 1199 1072 1222 227
1241 1199 1287 1222 342
1457 1199 1503 1222 ²32

489 1232 509 1256 C
812 1240 858 1263 555
1029 1240 1074 1263 235
1244 1241 1289 1263 342
1459 1240 1503 1263 232

487 1273 512 1296 D
800 1275 870 1305 (355)
1017 1274 1087 1304 (233)
1230 1275 1301 1305 (542)
1446 1275 1516 1305 (232)

487 1315 508 1337 Ε
810 1322 858 1345 354
1015 1315 1087 1347 (232)
1242 1323 1287 1346 342
1459 1323 1503 1347 229

487 1356 515 1378 ΞΡ
815 1363 861 1387 355
1031 1364 1077 1387 234
1244 1364 1289 1387 342
1460 1364 1505 1386 232

486 1397 506 1420 F
813 1404 858 1428 355
1028 1405 1075 1428 234
1242 1405 1287 1428 342
1458 1405 1503 1427 232

487 1438 511 1461 G
814 1446 860 1469 355
1030 1447 1075 1469 233
1244 1447 1289 1470 342
1460 1446 1502 1469 231

487 1479 512 1502 H
813 1487 858 1510 355
1029 1487 1074 1510 233
1241 1487 1286 1511 342
1457 1487 1500 1510 232
1516 1481 1599 1511 (lapsu
1615 1487 1657 1503 221
1673 1481 1749 1512 scrip-

486 1521 508 1544 Θ
813 1528 858 1552 555
1028 1529 1073 1552 233
1241 1529 1287 1552 342
1457 1530 1501 1552 252
1567 1517 1621 1536 tum
1634 1513 1680 1544 est)

490 1561 502 1584 Ι
807 1569 854 1593 355
1030 1570 1076 1594 234
1243 1570 1289 1593 342
1460 1570 1503 1594 232

485 1603 509 1625 K
811 1611 856 1634 355
1027 1611 1071 1634 235
1240 1611 1287 1635 343
1457 1613 1502 1635 232

486 1644 512 1667 Μ
811 1645 859 1675 364
1027 1651 1072 1676 237
1242 1653 1288 1676 345
1458 1652 1502 1676 237

485 1685 518 1707 Ns
797 1689 868 1717 (355)
1017 1687 1087 1717 (235)
1224 1688 1295 1718 (342)
1443 1691 1514 1717 (232)

486 1726 508 1750 Ο
813 1735 860 1759 354
1029 1735 1075 1758 254
1243 1735 1286 1758 342
1456 1729 1504 1759 dej-

487 1768 510 1798 Q
798 1769 868 1800 (355)
946 1770 996 1801 legi
1008 1778 1057 1793 non
1066 1773 1144 1801 polest
1231 1770 1302 1800 (542)
1445 1771 1516 1799 (23²)

486 1809 509 1831 T
812 1818 858 1842 355
1027 1819 1073 1842 234
1242 1819 1286 1841 342
1457 1819 1502 1842 232

486 1850 508 1873 V
812 1852 859 1882 356
1028 1861 1075 1884 234
1241 1860 1287 1884 342
1457 1860 1503 1884 274

487 1892 511 1915 X
812 1900 858 1924 355
1027 1901 1072 1924 ²33
1242 1902 1286 1924 342
1457 1902 1501 1924 232

488 1933 511 1956 Y
811 1942 857 1965 355
1027 1943 1072 1966 235
1241 1943 1285 1966 542
1457 1942 1501 1965 232

487 1975 505 1997 Ζ
810 1984 857 2007 555
1028 1984 1073 2008 234
1240 1984 1285 2008 342
1455 1984 1500 2007 232

356 2028 434 2051 LWR
452 2036 529 2060 neque
543 2030 679 2053 sectionum
693 2038 809 2054 numeros
822 2039 900 2062 neque
913 2039 1036 2055 canonum
1049 2032 1146 2055 tabulas
1160 2032 1259 2055 habent.

355 2068 421 2091 IMO
438 2068 536 2091 tabulas
553 2076 675 2092 canonum
693 2070 724 2092 ad
744 2070 841 2093 initium
859 2071 1046 2102 euangeliorum
1064 2075 1105 2094 aut
1123 2079 1172 2094 non
1191 2070 1283 2094 habent
1301 2074 1343 2093 aut
1361 2069 1534 2102 perdiderunt;
1555 2069 1599 2093 sed
1619 2070 1737 2093 sectiones
1755 2077 1798 2101 per

421 2107 549 2138 euangelia
562 2108 585 2131 in
599 2109 709 2139 margine
722 2109 921 2134 adnumerantur.

355 2145 439 2177 DNFQ
457 2150 541 2170 contra
557 2147 694 2171 sectionum
711 2148 817 2171 numeris
831 2149 856 2171 in
872 2149 980 2180 margine
992 2149 1179 2180 euangeliorum
1192 2152 1282 2179 carent,
1301 2148 1398 2172 tabulas
1415 2152 1498 2172 autem
1510 2156 1632 2172 canonum
1648 2148 1681 2172 ad
1695 2148 1794 2172 initium

421 2185 523 2216 scriptas
536 2186 640 2214 habent;
659 2187 753 2210 numeri
766 2194 824 2217 ergo
837 2187 928 2211 lunulis
941 2188 1107 2211 includuntur.

355 2224 394 2247 De
407 2224 492 2248 codice
504 2225 524 2248 C
538 2225 562 2248 in
576 2226 661 2249 Marco
674 2226 730 2249 uide
743 2234 766 2257 p.
783 2227 842 2254 188;
860 2227 962 2250 dubium
975 2227 1070 2250 uidetur
1083 2231 1164 2251 utrum
1179 2234 1224 2258 235
1237 2235 1267 2250 an
1284 2234 1329 2258 234
1341 2227 1460 2251 sectiones
1473 2227 1638 2250 numerandae
1650 2227 1705 2250 sint.

334 2274 419 2305 Item
444 2276 624 2306 notandum
646 2280 695 2306 est
717 2287 879 2307 canonum
904 2277 1032 2308 tabulas
1055 2278 1231 2318 euangeliis
1253 2277 1459 2318 praepositas
1482 2287 1548 2308 non
1571 2287 1701 2318 semper
1718 2287 1793 2308 cum

289 2327 434 2357 numeris
456 2328 488 2357 in
509 2328 654 2368 margine
671 2334 832 2369 perpetuo
849 2329 978 2370 scriptis
997 2330 1200 2366 consentire;
1225 2340 1253 2360 e.
1265 2341 1295 2371 g.
1312 2342 1362 2360 2—-

355 2386 383 2409 {F
402 2386 426 2409 in
439 2387 530 2410 tabulis
543 2387 656 2411 Mattheo
668 2388 753 2411 tribuit
767 2395 813 2418 355
830 2390 958 2418 sectiones,
972 2390 1057 2413 Marco
1072 2397 1127 2420 233,
1139 2390 1246 2413 Iohanni
1263 2397 1316 2419 233.

355 2426 376 2448 E
395 2426 418 2448 in
437 2433 559 2449 canonum
574 2426 666 2450 tabulis
682 2426 797 2450 Mattheo
814 2427 899 2451 tribuit
917 2435 962 2458 355
982 2428 1110 2458 sectiones,
1122 2429 1228 2452 Iohanni
1243 2436 1287 2458 232
1301 2437 1306 2456 ;
1324 2436 1398 2459 porro
1411 2435 1467 2451 cum
1479 2428 1562 2451 deficit
1579 2427 1658 2451 codex
1670 2435 1685 2451 a
1697 2427 1747 2450 Mc.
1763 2428 1795 2451 vi.

421 2464 451 2495 56
464 2465 496 2488 ad
509 2465 581 2488 finem
593 2466 724 2497 euangelii,
738 2474 866 2490 numerum
882 2474 925 2496 232
940 2476 971 2490 ex
983 2468 1076 2490 tabulis
1089 2468 1291 2499 praecedentibus
1303 2467 1455 2491 inseruimus.

355 2504 381 2527 H
400 2504 424 2527 in
437 2504 528 2528 tabulis
541 2504 626 2528 tribuit
639 2505 726 2529 Marco
740 2512 783 2535 231
799 2506 927 2536 sectiones,
939 2506 1047 2530 Iohanni
1061 2513 1106 2537 235
1119 2515 1124 2536 ς
1142 2507 1166 2530 in
1179 2507 1290 2538 margine
1302 2505 1424 2537 euangelii
1438 2505 1554 2529 Iohannis
1566 2505 1667 2529 ultimus
1679 2513 1795 2529 numerus

418 2543 490 2567 debet
503 2551 555 2567 esse
569 2551 612 2573 232
627 2547 652 2567 ut
665 2544 762 2567 uidetur
774 2553 803 2568 ex
815 2553 916 2569 numero
928 2546 1085 2576 praecedenti
1097 2554 1102 2575 3
1121 2547 1200 2570 scriba
1213 2547 1284 2577 lapsu
1299 2552 1342 2568 221
1358 2545 1448 2577 posuit.

354 2582 377 2605 V
395 2582 420 2605 in
438 2582 530 2606 tabulis
548 2590 670 2606 canonum
688 2583 772 2607 tribuit
791 2584 904 2607 Mattheo
922 2591 970 2615 354
985 2585 1114 2614 sectiones,
1134 2585 1239 2608 Iohanni
1259 2592 1323 2615 252;
1341 2592 1457 2608 numerus
1474 2584 1549 2615 igitur
1567 2584 1686 2615 marginis
1704 2589 1749 2615 274
1764 2591 1794 2607 ex

418 2621 489 2653 lapsu
501 2622 595 2645 scribae
608 2625 675 2645 ortus
687 2623 791 2646 uidetur.

353 2661 372 2683 Z
389 2661 413 2684 in
425 2661 518 2684 tabulis
531 2661 617 2685 tribuit
630 2661 717 2685 Marco
732 2663 777 2692 238
790 2662 917 2687 sectiones.
