2209 3147
400 242 459 281 706
1037 244 1144 272 lz‘PlL
1153 246 1209 274 OG
1217 245 1230 272 ζ
1238 245 1275 273 ⁷5.

398 338 549 378 proditae
576 337 649 368 huic
679 337 824 376 opinioni
852 348 915 367 non
945 337 1064 373 fauent,
1090 342 1125 367 ut
1154 338 1277 369 iudicat
1305 339 1335 369 5.
1365 338 1495 378 Berger,
1520 337 1609 368 Hz'ss.
1634 337 1671 367 dc
1696 337 1728 368 la
1762 336 1907 376 Vulgata

398 400 452 429 pp.
471 390 564 430 35—6.
612 390 742 420 Mixtae
771 390 858 419 enim
888 394 972 428 sunt,
998 395 1030 420 et
1057 400 1119 420 una
1144 400 1217 420 cum
1247 391 1442 421 lectionibus
1469 389 1612 429 antiquis
1640 389 1907 428 Hieronymianis

398 442 548 472 Hiberna
580 442 744 481 quaedam
777 441 1008 472 additamenta
1035 447 1067 472 et
1093 447 1241 472 ueterum
1270 443 1462 473 Latinorum
1492 442 1686 472 traditiones
1719 441 1908 472 ostendunt.

400 494 563 524 Iudicium
591 494 632 524 de
657 494 774 524 horum
800 494 949 524 codicum
976 494 1103 533 origine
1129 494 1274 524 maxime
1299 493 1431 524 difficile
1456 499 1515 523 est.
1565 493 1641 523 Non
1665 493 1750 523 enim
1777 493 1908 532 penitus

396 556 415 576 a
444 546 599 576 missione
625 546 777 576 Romana
805 547 1006 586 separandos
1035 546 1220 577 credimus:
1261 547 1317 577 sed
1348 546 1538 586 opinionem
1564 545 1771 585 probabilem
1797 545 1838 575 de
1862 544 1908 574 eis

398 597 543 637 proferre
568 608 633 628 non
656 608 840 638 possumus

442 649 561 680 Codex
604 650 839 680 Foroiuliensis
871 648 919 691 (J)
954 661 997 680 ex
1038 650 1134 680 Italia
1174 649 1423 689 septentrionali
1462 649 1628 679 deriuatus
1668 648 1808 678 uidetur.
1871 648 1909 678 In

398 702 570 733 Blanchini
614 703 699 732 enim
739 702 979 741 Euangeliarz'o
1021 701 1250 741 Quadruplice,
1285 706 1364 732 tom.
1391 701 1422 734 ii,
1454 711 1484 740 p.
1513 707 1633 731 DXLIII
1663 711 1739 740 seq.⁹
1771 699 1910 740 scriptor

398 755 545 785 eruditus
574 754 772 784 Laurentius
804 765 822 784 a
851 754 956 784 Turre
988 754 1137 784 codicem
1169 754 1201 783 in
1236 754 1370 793 regione
1395 752 1562 783 Ticinensi
1591 752 1750 791 scriptum
1779 751 1910 782 uidetur

399 807 590 837 ostendisse.
641 806 752 836 Notae
774 806 875 836 etiam
898 807 1061 846 quaedam
1080 805 1214 835 rituales
1231 815 1305 835 eum
1323 805 1441 835 librum
1460 804 1648 845 prouinciae
1667 803 1909 834 Mediolanensi

399 859 594 899 pertinuisse
620 859 872 895 demonstrant;
906 868 1012 897 neque
1038 857 1230 897 Aquileiam
1265 857 1409 887 creditur
1439 856 1618 887 translatus
1650 862 1729 886 ante
1762 856 1908 886 medium

398 910 566 941 saeculum
590 915 756 941 octauum.

444 962 560 992 Italiae
591 962 689 992 etiam
725 961 974 1001 septentrionali
1007 962 1114 992 codex
1150 966 1261 992 noster
1290 960 1548 991 Mediolanensis
1575 959 1819 991 Ambrosianus
1845 957 1910 1000 (M)

398 1014 594 1055 pertinuisse
618 1014 755 1047 uidetur,
774 1018 806 1043 et
829 1013 963 1053 quidem
989 1014 1061 1044 urbi
1087 1013 1131 1043 illi
1157 1014 1212 1043 ubi
1237 1023 1321 1043 nunc
1341 1018 1510 1049 seruatur3
1536 1011 1802 1042 Mediolanenses
1822 1011 1909 1040 enim

398 1071 473 1097 sunt
492 1065 585 1095 multi
604 1076 646 1095 ex
666 1065 797 1096 Sanctis
813 1066 868 1105 qui
887 1066 920 1096 in
937 1066 1023 1096 notis
1040 1065 1239 1096 lectionariis
1257 1070 1492 1101 memorantur,
1509 1069 1541 1094 et
1559 1074 1676 1094 manus
1694 1064 1764 1103 ipsa
1780 1063 1879 1093 fauet.

443 1117 560 1148 Codex
579 1117 753 1148 Perusinus
775 1114 829 1158 (P)
852 1118 910 1148 uix
929 1118 1101 1148 Romanus
1123 1122 1182 1151 est,
1203 1117 1356 1157 quamuis
1380 1116 1515 1147 Italicus
1537 1127 1579 1146 ex
1598 1115 1755 1146 Perusina
1777 1114 1910 1154 regione

398 1170 583 1200 credendus
601 1170 650 1199 sit.

443 1222 583 1253 Codices
610 1220 858 1251 Northumbrici
884 1219 917 1250 A
943 1225 976 1250 et
996 1219 1037 1255 Y,
1060 1224 1092 1249 et
1116 1218 1264 1249 similiter
1289 1223 1323 1248 ut
1352 1218 1483 1248 uidetur
1502 1216 1557 1247 AS
1583 1216 1638 1256 qui
1668 1216 1698 1246 in
1726 1215 1910 1255 Euangelio

399 1274 556 1304 Iohannis
582 1284 656 1303 cum
682 1273 749 1302 AY
773 1282 876 1312 paene
904 1272 945 1302 ad
975 1271 1112 1301 uerbum
1141 1271 1361 1306 consentiunt,
1384 1279 1587 1310 quamquam
1616 1268 1648 1298 in
1673 1267 1911 1298 Northumbria

398 1326 520 1366 scripti,
542 1331 653 1356 tamen
677 1324 836 1364 originem
863 1334 905 1354 ex
934 1323 1030 1354 Italia
1057 1323 1262 1353 meridionali
1288 1322 1435 1352 trahunt.
1483 1321 1534 1351 De
1560 1320 1801 1351 necessitudine
1826 1330 1911 1359 quae

399 1378 482 1409 inter
506 1378 653 1408 codicem
677 1376 885 1406 Amiatinum
908 1380 940 1405 et
964 1375 1164 1405 Cassiodorii
1187 1374 1351 1404 ‘codicem
1377 1372 1604 1413 grandiorem'
1626 1371 1808 1402 intercedat
1832 1371 1910 1401 alibi

399 1430 526 1470 plenius
551 1434 729 1460 tractatum
756 1433 823 1463 est3
857 1427 966 1458 confer
994 1427 1028 1456 P.
1050 1426 1190 1457 Corssen
1213 1426 1277 1456 Dic
1300 1425 1414 1456 Bz‘bcln
1437 1425 1492 1455 des
1519 1423 1742 1455 Cassiodorius
1765 1422 1835 1453 mzd
1854 1422 1912 1452 der

402 1481 506 1513 Codex
521 1481 551 1510 Α
558 1481 714 1511 miatimzs
734 1480 764 1510 in
785 1478 995 1515 Jalzrlniclzcr
1006 1480 1074 1518 fiir
1085 1483 1172 1518 prol.
1191 1478 1364 1517 Theologie,
1386 1476 1467 1517 1883
1486 1481 1518 1506 et
1538 1476 1630 1515 1891,
1648 1481 1679 1505 et
1698 1475 1742 1505 H.
1760 1475 1788 1514 J
1800 1474 1911 1505 White

399 1534 430 1564 in
457 1533 590 1564 Studiis
613 1532 746 1562 Biblscss
773 1536 804 1561 cl
829 1531 1056 1568 ecclesiasticis,
1081 1531 1111 1560 ii.
1137 1540 1168 1570 p.
1190 1528 1513 1570 273,0xon.,1890.
1561 1528 1679 1567 Neque
1707 1526 1911 1567 impossibile

400 1589 448 1616 est
477 1586 550 1615 cod.
576 1584 741 1614 Amiatini
766 1584 1017 1623 quaternionem
1044 1583 1187 1622 primum
1216 1592 1258 1612 ex
1286 1582 1358 1611 cod.
1385 1580 1550 1621 grandiori
1576 1580 1788 1619 desumptum
1817 1589 1911 1615 esse;

400 1637 452 1667 uel
472 1641 559 1667 certe
582 1635 752 1677 probabile
775 1640 832 1673 est,
856 1635 965 1674 aliqua
988 1645 1062 1665 cum
1083 1634 1242 1665 uarietate
1265 1644 1306 1663 ex
1330 1632 1384 1663 illo
1408 1633 1583 1663 imitatum.
1633 1631 1741 1671 Quem
1764 1631 1910 1661 codicem

400 1689 610 1729 grandiorem
644 1689 713 1728 ipse
740 1687 852 1718 Baeda
881 1692 1021 1718 testatur
1044 1697 1080 1717 se
1107 1686 1237 1721 uidisse,
1266 1686 1297 1716 id
1324 1690 1372 1716 est
1401 1685 1432 1715 in
1460 1683 1623 1724 Anglia¹;
1659 1684 1708 1713 uir
1734 1682 1820 1713 enim
1849 1682 1912 1720 ille,

399 1746 562 1781 quantum
600 1741 721 1771 scimus
760 1740 850 1770 nullo
889 1745 1039 1779 tempore
1073 1739 1232 1779 Angliam
1272 1737 1411 1778 reliquit,
1444 1747 1549 1776 neque
1587 1735 1671 1766 ultra
1711 1735 1911 1771 Eboracum,

401 1793 570 1824 meridiem
593 1803 715 1829 uersus,
732 1802 925 1832 progressus
948 1796 1006 1821 est.
1056 1791 1173 1821 Codex
1191 1795 1278 1820 certe
1300 1790 1456 1829 grandior
1471 1789 1642 1828 antiquam
1659 1787 1911 1817 translationem

400 1845 592 1880 exhibebat,
624 1846 681 1875 sed
718 1854 783 1875 non
819 1844 889 1874 sine
928 1844 998 1874 aliis
1038 1843 1216 1878 codicibus,
1248 1847 1281 1873 et
1318 1842 1355 1872 iis
1388 1841 1521 1881 quidem
1556 1839 1836 1879 Hieronymianis,
1868 1849 1911 1868 ex

402 1897 603 1928 monasterio
636 1896 823 1927 Uiuariensi
858 1897 887 1926 in
920 1895 1081 1935 Angliam
1118 1894 1329 1925 transmissus
1361 1893 1499 1930 uidetur,
1531 1893 1564 1922 id
1595 1897 1643 1922 est
1684 1902 1726 1921 ex
1759 1891 1912 1922 Calabria

400 1960 503 1990 prope
528 1949 717 1988 Scylaeium
729 1948 751 1977 ².

446 2002 546 2032 Porro
583 2002 690 2032 codex
725 1999 1003 2031 Lindisfarnensis
1035 1997 1102 2039 (Y)
1134 1998 1190 2038 qui
1228 2008 1301 2028 cum
1334 1997 1508 2027 Amiatino
1544 2001 1611 2027 tam
1650 2000 1741 2026 arcto
1778 1995 1912 2025 trinculo

402 2054 598 2084 coniunctus
624 2058 681 2090 est,
706 2053 806 2083 etiam
836 2051 963 2081 clariori
990 2051 1147 2081 affinitate
1175 2061 1249 2081 cum
1278 2050 1371 2080 Italia
1399 2048 1603 2079 meridionali
1628 2048 1771 2078 sociatus
1794 2052 1852 2083 est,
1876 2052 1912 2077 ut

403 2117 445 2137 ex
479 2105 596 2136 studiis
628 2105 764 2136 eruditis
798 2104 897 2134 Dom.
925 2103 1081 2134 Germani
1110 2102 1219 2132 Morin
1251 2102 1413 2132 constat³.
1472 2100 1579 2131 Series
1617 2100 1702 2130 enim
1741 2099 1911 2129 nominum

402 2162 592 2188 sanctorum
618 2157 648 2187 in
672 2156 931 2187 Lindisfarnensi
957 2155 1154 2194 transcripta
1178 2154 1337 2193 originem
1367 2154 1436 2184 eius
1458 2152 1715 2193 Neapolitanam
1741 2151 1912 2182 manifeste

402 2210 557 2247 ostendit,
582 2220 625 2239 ex
650 2220 715 2249 qua
740 2210 818 2239 urbe
843 2219 900 2248 per
924 2207 1097 2238 Abbatem
1124 2206 1310 2236 Adrianum
1336 2205 1461 2246 perlata
1485 2205 1624 2235 uidetur.

450 2262 601 2292 Eandem
632 2262 771 2302 patriam
797 2261 857 2291 sibi
885 2260 1031 2290 uindicat
1059 2259 1166 2290 codex
1196 2258 1450 2298 Epternacensis
1478 2257 1565 2299 (50>;
1597 2256 1795 2295 subscriptio
1823 2256 1911 2285 enim

404 2325 445 2344 ex
469 2314 546 2344 folio
569 2314 636 2344 eius
662 2322 722 2344 222
737 2314 754 2344 b
779 2313 841 2343 iam
865 2313 967 2343 citata
984 2311 1111 2351 (praef,
1127 2321 1181 2350 pp.
1196 2308 1324 2351 xi—xii),
1341 2309 1459 2340 librum
1485 2320 1527 2339 ex
1551 2309 1664 2340 codice
1688 2306 1913 2338 Bibliothecae

405 2366 563 2406 Eugippii
592 2365 776 2405 presbyteri
805 2369 988 2395 correctum
1016 2373 1086 2393 esse
1109 2362 1292 2393 confirmat.
1353 2361 1418 2401 Qui
1444 2361 1492 2391 uir
1515 2366 1630 2392 auctor
1653 2360 1714 2390 fuit
1742 2359 1826 2389 inter
1850 2358 1913 2388 alia

439 2512 444 2524 ¹
465 2513 547 2535 Bneda
570 2512 608 2535 Dc
634 2512 801 2535 Tam-nasale
824 2512 849 2534 ii.
874 2518 920 2537 12;
953 2511 992 2533 Dc
1020 2510 1109 2541 templa
1206 2510 1231 2533 S.
1254 2508 1370 2539 Gr‘groim
1394 2509 1418 2531 in
1438 2508 1523 2531 Αἰτιῶ
1545 2506 1705 2530 h’euedsclim
1723 2509 1740 2528 t.
1754 2505 1803 2527 viii.
1824 2512 1848 2534 p.
1864 2505 1909 2533 481

405 2551 544 2574 §hlonwnis
557 2560 577 2574 c.
594 2551 628 2574 16>
1208 2549 1309 2579 (1891);
1335 2547 1418 2570 confer
1436 2548 1510 2570 etiam
1531 2547 1555 2569 S.
1570 2546 1658 2575 Berger
1671 2545 1739 2567 llz‘sl.
1752 2544 1779 2567 dc
1795 2544 1820 2566 la
1839 2543 1912 2573 [Ταῖς.

440 2591 448 2602 ’·’
467 2591 638 2613 Cassimlorius
652 2591 713 2613 lust.
727 2590 779 2613 eliu,
793 2590 842 2612 lm.
856 2598 875 2613 c.
889 2590 938 2612 xix.
1207 2596 1249 2619 pp.
1264 2594 1293 2618 59
1306 2595 1354 2617 seq.

439 2629 447 2641 ²³
468 2629 529 2653 Uide
555 2630 591 2652 La
618 2629 734 2658 Lilm'gic
757 2630 785 2652 dc
810 2630 901 2660 ,llrplcs
925 2637 958 2651 ιιι(
983 2632 1058 2658 (cmps
1082 2628 1109 2651 dr
