2258 3157
451 198 505 228 viii
694 200 963 228 PRAEFATIO
997 200 1093 229 CAP.
1119 201 1145 228 l.
1193 201 1258 228 DE
1291 202 1458 230 OPERIS
1486 203 1703 233 RATIONE.

451 292 655 331 praestantia
684 293 779 323 huius
809 293 859 323 uel
890 293 975 323 illius
1004 293 1140 323 nimium
1167 293 1305 325 fidenter
1333 296 1546 336 proferamus.
1595 296 1832 337 Prolegomena
1856 297 1953 337 igitur

451 353 554 383 usque
581 345 622 375 ad
648 344 745 375 finem
770 345 886 384 operis
911 346 936 375 si
966 346 1058 376 Deus
1087 346 1233 383 uoluerit,
1258 348 1464 385 distulimus;
1498 359 1667 388 speramus
1694 349 1781 379 enim
1809 360 1869 379 nos
1897 349 1953 379 illo

449 400 599 436 tempore
617 407 681 426 non
699 396 804 427 solum
828 397 970 437 pleniore
994 398 1131 428 consilio
1154 403 1267 429 nostro
1291 398 1445 437 firmatos,
1463 401 1518 431 sed
1538 401 1636 431 etiarn
1655 401 1792 432 aliorum
1811 402 1951 431 uirorum

449 447 620 478 doctorum
640 448 770 487 ingenio
787 453 818 479 et
837 449 1009 488 prudentia
1025 450 1165 486 adiutos,
1183 450 1287 481 multa
1304 456 1531 491 perspecturos
1549 463 1632 491 quae
1651 453 1713 483 iam
1733 463 1791 484 nos
1809 453 1920 484 latent.

494 499 582 539 Quid
603 510 680 530 uero
702 500 733 530 in
753 500 815 530 hoc
834 511 932 540 opere
956 501 1149 540 praestitum
1174 502 1271 533 fuerit
1295 504 1407 543 paucis
1430 505 1551 543 exponi
1577 504 1739 535 uolumus.
1788 505 1953 544 Imprimis

448 560 522 581 cum
546 552 728 591 permultos
745 552 874 582 codices
896 553 1164 593 inspexissemus„
1182 564 1304 593 paucos
1322 565 1458 585 numero
1477 556 1652 596 selegimus
1668 556 1732 596 qui,
1750 556 1800 587 uel
1817 557 1952 587 diuersis

449 613 490 632 ex
520 603 633 643 patriis
665 603 714 633 uel
744 604 874 634 diuersa
902 615 944 634 ex
972 605 1097 644 origine
1123 606 1164 636 ad
1196 617 1255 637 nos
1283 617 1340 647 per
1364 607 1493 638 saecula
1526 608 1705 647 longinqua
1729 608 1850 640 traditi,
1874 609 1952 639 satis

448 654 596 694 amplum
623 656 767 695 spatium
795 661 827 686 et
857 656 917 686 loci
946 662 977 687 et
1007 658 1164 697 temporis
1192 659 1520 698 comprehenderent,
1545 664 1578 690 ut
1603 661 1807 690 crederemus
1831 660 1861 690 in
1888 671 1951 690 uno

447 706 564 737 saltem
584 712 641 737 aut
658 707 762 738 altero
779 713 909 739 textum
928 719 1003 740 uere
1026 709 1324 749 Hieronymianum
1346 711 1459 742 inesse.
1509 712 1585 742 Non
1603 712 1688 742 enim
1707 712 1949 742 multitudinem

447 759 579 789 testium
603 769 662 798 pro
683 759 744 790 hac
768 765 800 791 et
823 760 876 790 illa
898 760 1038 791 lectione
1054 762 1305 801 quaerebamus,
1322 764 1378 794 sed
1396 764 1506 803 potius
1524 764 1750 794 diuersitatem
1772 763 1950 794 lectionum

447 820 490 840 ex
514 811 682 842 codicibus
708 812 762 851 qui
788 813 837 843 uel
864 813 997 843 scholae
1020 813 1154 844 alicuius
1179 815 1231 844 uel
1256 816 1404 854 regionis,
1430 816 1455 845 si
1481 815 1526 846 ita
1550 816 1612 846 dici
1639 816 1752 856 possit,
1777 826 1950 855 personam

446 868 606 901 gererent.

493 914 625 945 Horum
646 916 795 946 codicum
819 917 994 947 uarietates
1016 927 1132 948 omnes
1153 919 1202 948 uel
1225 919 1266 949 ad
1288 919 1397 958 apices
1420 919 1598 949 litterarum
1625 919 1844 950 recensuimus
1864 924 1895 950 et
1918 919 1949 950 in

445 971 608 1006 apparatu
627 972 740 998 nostro
758 967 824 998 sere
841 978 969 1008 semper
986 969 1161 1006 edidimus,
1176 971 1274 1001 etiam
1293 981 1349 1001 eos
1367 971 1496 1002 codices
1521 972 1726 1002 numerando
1743 971 1798 1011 qui
1820 971 1949 1002 lectioni

446 1018 477 1047 in
500 1023 630 1049 textum
654 1024 804 1059 receptae
830 1019 952 1059 fauent,
969 1031 1028 1051 nec
1053 1021 1159 1052 minus
1182 1032 1237 1052 eos
1261 1023 1316 1062 qui
1341 1023 1398 1053 tali
1425 1023 1556 1054 lectioni
1580 1023 1805 1054 aduersantur.
1853 1023 1950 1054 Unde

446 1070 556 1100 euenit
580 1075 615 1100 ut
646 1075 714 1101 tam
743 1071 930 1112 philologis,
952 1073 1007 1112 qui
1040 1073 1208 1104 historIam
1241 1074 1372 1114 linguae
1405 1075 1543 1105 Latinae
1575 1080 1825 1115 perscrutentur,
1849 1085 1948 1115 quam

446 1121 610 1162 theologis
634 1123 722 1154 utilis
747 1123 815 1154 fieri
840 1124 941 1164 possit
966 1125 1067 1155 editio
1091 1131 1210 1156 nostra.

491 1174 592 1204 Porro
616 1174 647 1204 in
670 1175 848 1215 euangeliis
873 1180 1017 1206 ueterem
1044 1177 1226 1208 uersionem
1252 1188 1294 1207 ex
1319 1178 1432 1208 codice
1457 1178 1613 1209 Brixiano
1637 1179 1849 1209 adiunximus
1873 1188 1947 1209 cum

446 1226 497 1256 hic
514 1225 595 1256 liber
618 1227 771 1266 proxime
793 1229 928 1258 accedat
951 1229 991 1258 acl
1019 1229 1322 1269 interpretationem
1341 1241 1439 1270 quam
1466 1230 1691 1270 Hieronymus
1716 1231 1747 1260 in
1770 1230 1947 1270 euangeliis

446 1279 651 1308 recensendis
669 1279 710 1309 ad
730 1289 846 1309 manus
863 1280 1016 1310 habuisse
1033 1282 1214 1311 credendus
1231 1282 1281 1312 sit.
1323 1281 1480 1312 ‘Italam'
1496 1283 1609 1313 dicunt
1625 1283 1783 1319 hodierni,
1801 1282 1881 1313 haec
1898 1286 1947 1312 est

447 1329 531 1359 Itala
554 1330 700 1361 recensio
725 1331 880 1361 uersionis
904 1332 1106 1371 antiquioris,
1131 1343 1215 1372 quae
1239 1334 1384 1364 recensio
1407 1338 1491 1365 teste
1515 1334 1704 1374 Augustino
1728 1332 1779 1374 (de
1800 1334 1948 1364 doctrina

448 1381 638 1412 Christiana
656 1382 686 1412 ii.
703 1381 755 1423 15)
775 1388 852 1414 ante
871 1383 1115 1424 Hieronymum
1133 1385 1342 1415 exactissima
1359 1386 1563 1416 credebatur.

488 1433 605 1463 Testes
629 1434 728 1464 etiarn
746 1433 891 1465 Graecos
916 1435 1108 1476 plerumque
1130 1446 1171 1466 ex
1190 1437 1429 1468 Tischendorfii
1448 1438 1591 1468 editione
1610 1443 1738 1474 octaua,
1755 1437 1809 1468 ubi
1828 1447 1947 1478 operae

446 1485 585 1525 pretium
610 1485 792 1524 uidebatur,
809 1487 990 1524 citauimus,
1008 1493 1040 1518 et
1061 1489 1251 1528 saepissime
1278 1489 1416 1519 Latinos
1441 1495 1567 1520 ueteres
1591 1500 1729 1530 quorum
1754 1490 1861 1529 plures
1884 1490 1945 1529 ipsi

445 1537 622 1577 separatim
639 1538 802 1568 edidimus
818 1549 918 1578 sog„
930 1539 951 1569 k
964 1550 984 1569 u
998 1544 1045 1579 op
1058 1551 1090 1579 ain,
1103 1550 1118 1569 s
1135 1545 1155 1579 l,
1168 1551 1187 1579 q
1202 1551 1232 1576 v,
1246 1541 1286 1571 de
1302 1541 1421 1581 quibus
1439 1541 1529 1581 plura
1547 1541 1667 1572 uidesis
1686 1541 1766 1571 infra
1784 1552 1813 1581 p.
1828 1542 1923 1571 xxxi.

525 1662 609 1693 CAP.
628 1663 670 1692 II.
718 1663 767 1693 De
790 1664 949 1694 editorum
972 1665 1118 1696 societate
1142 1667 1227 1696 inser
1249 1677 1281 1697 se
1303 1672 1334 1697 ct
1355 1666 1394 1697 de
1417 1667 1484 1698 illis
1506 1667 1563 1706 qni
1585 1678 1640 1698 nos
1663 1667 1869 1698 adiuuermlt.

490 1741 639 1772 RESTAT
664 1746 697 1772 ut
723 1742 764 1772 de
788 1743 914 1773 ratione
938 1744 1087 1774 laborum
1114 1749 1298 1775 nostrorum
1324 1746 1407 1776 inter
1430 1756 1464 1776 se
1489 1757 1591 1787 pauca
1616 1747 1771 1778 dicamus.
1825 1747 1945 1777 Forma

444 1793 552 1832 operis
576 1804 594 1823 a
620 1793 767 1824 Iohanne
792 1794 1018 1826 Wordsworth
1037 1801 1112 1826 tunc
1129 1797 1286 1836 temporis
1310 1798 1341 1827 in
1361 1798 1508 1838 Collegio
1525 1798 1630 1829 Aenei
1656 1799 1736 1829 Nasi
1760 1799 1945 1829 Oxoniensi

444 1845 559 1875 tutoris
585 1855 702 1875 munus
727 1852 909 1882 exercente,
933 1848 1016 1878 circa
1044 1858 1165 1877 annum
1194 1847 1272 1887 1877
1303 1849 1415 1888 primis
1437 1850 1520 1880 curis
1545 1851 1709 1890 descripta
1733 1856 1790 1881 est.
1837 1851 1902 1890 Qui
1927 1861 1946 1881 a

446 1896 616 1936 Delegatis
634 1897 713 1937 preli
733 1897 986 1928 Clarendoniani
1004 1904 1135 1930 strenue
1160 1900 1305 1930 adiutus¹
1324 1906 1356 1931 et
1381 1901 1449 1941 ipse
1467 1907 1497 1931 et
1521 1912 1577 1940 per
1594 1902 1675 1932 alios
1691 1903 1721 1932 in
1739 1902 1945 1932 bibliothecis

445 1954 476 1979 et
497 1949 587 1978 domi
613 1953 644 1978 et
664 1949 740 1979 foris
764 1950 907 1980 uisendis
931 1955 963 1980 et
983 1951 1150 1981 codicibus
1171 1953 1401 1991 manuscriptis
1421 1953 1658 1992 inuestigandis
1679 1954 1945 1994 conferendisque

445 2000 586 2031 multum
610 2006 739 2040 tempus
763 2001 920 2038 insumsit,
943 2006 977 2031 ut
997 2013 1039 2032 ex
1063 2003 1274 2042 sequentibus
1297 2014 1353 2043 per
1373 2015 1406 2034 se
1424 2005 1545 2034 clarum
1568 2005 1638 2035 erit.
1686 2005 1786 2035 Anno
1810 2006 1943 2036 demum

447 2053 529 2092 1883
548 2052 714 2082 Professor
731 2053 1009 2092 interpretationis
1028 2054 1147 2084 Sacrae
1168 2054 1356 2094 Scripturae
1374 2055 1576 2086 Oxoniensis
1600 2062 1631 2086 et
1653 2056 1836 2087 Canonicus
1862 2057 1943 2087 Rof-

444 2104 540 2134 sensis
564 2104 680 2141 sactus,
703 2115 836 2134 manum
862 2105 1003 2145 primam
1030 2106 1149 2136 notulis
1169 2108 1404 2146 componendis
1425 2112 1456 2137 et
1479 2108 1585 2138 textui
1610 2108 1643 2139 S.
1662 2109 1802 2139 Matthei
1825 2109 1944 2139 consti-

443 2157 568 2187 tuendo
593 2157 757 2196 adposuit.
805 2157 842 2186 In
868 2157 916 2187 his
940 2158 1079 2198 primum
1106 2159 1147 2188 ab
1172 2159 1284 2189 amicis
1309 2160 1504 2199 quibusdam
1530 2160 1709 2191 iunioribus
1733 2161 1875 2197 adiutus,
1899 2161 1944 2191 ita

496 2248 504 2263 ¹
527 2251 602 2276 Inter
621 2250 673 2276 alia
694 2250 773 2276 huius
793 2251 883 2284 operis
907 2252 993 2284 gratia
1014 2258 1143 2286 suscepta
1167 2253 1294 2286 Delegnti
1321 2263 1336 2279 a
1362 2254 1445 2279 uidua
1467 2254 1497 2279 C.
1517 2253 1726 2281 Tischendorfii,
1747 2254 1943 2282 interueniente

443 2292 502 2317 uiro
527 2291 694 2317 amicissimo
720 2297 746 2318 et
777 2293 963 2319 eruditissimo
989 2294 1018 2319 C.
1048 2295 1080 2319 R.
1105 2295 1237 2328 Cregory,
1264 2295 1346 2320 libros
1374 2295 1494 2329 quinque
1521 2296 1706 2325 redemerunt,
1733 2305 1848 2330 quorum
1873 2296 1941 2322 tituli

444 2336 692 2367 sequuntur:—(x)
716 2334 831 2360 collatio
852 2335 953 2361 codicis
974 2336 996 2361 Α
1019 2344 1080 2361 cum
1101 2336 1213 2369 uulgata
1235 2337 1407 2362 Clementinn
1426 2346 1442 2362 a
1462 2337 1672 2363 Tischendorfio
1690 2338 1779 2363 facta:
1802 2346 1855 2371 quo
1869 2347 1942 2363 anno

445 2383 500 2400 non
515 2380 639 2407 constat;
662 2375 700 2408 (2)
716 2376 832 2401 collatio
851 2376 929 2402 simili
947 2377 1031 2402 modo
1045 2378 1118 2403 facta
1132 2378 1192 2403 cod.
1212 2378 1231 2407 Ι,
1247 2387 1309 2403 cum
1328 2378 1488 2404 lectionibus
1507 2378 1609 2412 aliquot
1625 2380 1684 2404 cod.
1700 2380 1724 2404 T
1738 2388 1769 2404 ex
1790 2379 1942 2405 manchino

445 2421 473 2441 ut
488 2416 595 2442 uidetur
615 2417 735 2448 haustis3
752 2417 790 2450 (3)
806 2418 902 2443 Codex
915 2418 933 2443 k
948 2418 1092 2444 Bobiensis
1112 2427 1184 2444 nunc
1199 2419 1377 2445 Taurinensis
1389 2429 1473 2445 manu
1495 2420 1578 2453 ipsius
1597 2421 1765 2453 exscriptus:
1788 2420 1825 2453 (4)
1842 2421 1911 2446 Cod.
1925 2430 1941 2454 q

447 2457 627 2490 Frisingensis
655 2467 727 2484 nunc
755 2459 932 2485 Monacensis
958 2460 1036 2485 simili
1067 2461 1150 2486 modo
1176 2461 1345 2494 exscriptus;
1377 2464 1414 2494 (5)
1439 2462 1604 2494 Fragmenta
1627 2462 1815 2494 Sangallensia
1835 2471 1852 2487 n
1877 2463 1941 2495 (Mt.

449 2500 524 2530 Me»,
539 2501 599 2532 ap,
615 2508 668 2525 una
685 2509 746 2526 cum
766 2500 825 2526 aliis
844 2501 1013 2534 fragmentis,
1034 2502 1195 2535 plerumque
1215 2502 1303 2528 aliena
1321 2511 1404 2528 manu
1425 2503 1539 2536 scriptis.
1580 2504 1612 2528 In
1634 2503 1675 2528 his
1695 2509 1735 2529 est
1756 2503 1863 2529 collatio
1880 2504 1941 2529 cod.

448 2539 525 2565 Paris
544 2541 603 2566 Lat.
621 2548 701 2574 11955
719 2541 791 2573 (uide
810 2542 879 2568 infra
894 2542 1015 2568 Walkeri
1030 2546 1055 2575 a)
1070 2548 1097 2568 et
1111 2544 1264 2576 fragmenta
1284 2544 1370 2569 Marci
1391 2544 1405 2570 i.
1429 2544 1491 2570 1>vi.
1508 2551 1549 2577 37,
1563 2544 1614 2570 xiii.
1632 2545 1734 2577 zossxvi.
1749 2552 1763 2570 2
1782 2545 1840 2575 (sed
1858 2545 1939 2573 mul.)

448 2582 599 2606 <erundum
615 2583 762 2615 uulgatam,
778 2592 838 2608 cum
854 2583 912 2609 aliis
927 2584 1087 2615 fragmentis
1101 2585 1228 2617 uulgatne
1244 2586 1478 2616 Sangallensibus,
1494 2586 1640 2618 praecipue
1654 2594 1714 2618 epp.
1731 2585 1915 2612 Paulinarum.
